Trade ID,Security ID,Buyer ID,Seller ID,Price,Size,Timestamp
aac5b399-3586-4b37-a573-f1c432e1880e,AAPL,rush_trader_31,rush_trader_3839,99.62,60.00,2025-01-19T18:11:47.806941
cc96f40e-fff9-4243-b7aa-5fd21db13311,AAPL,rush_trader_2093,rush_trader_4873,99.78,15.00,2025-01-19T18:11:47.807335
c18972ff-d234-4ccb-abdd-b5f6690a77de,AAPL,rush_trader_31,rush_trader_4873,99.78,26.00,2025-01-19T18:11:47.806953
78538038-5cd1-4924-8eb7-391f15a7e974,AAPL,rush_trader_787,rush_trader_7288,99.94,41.00,2025-01-19T18:11:47.807470
e4d7bf3b-2389-402d-90de-fff0bc32bbd1,AAPL,rush_trader_64,rush_trader_744,99.84,8.00,2025-01-19T18:11:47.807389
e234bce0-c691-4c7e-b5a8-f28fe461a81c,AAPL,rush_trader_2903,rush_trader_1013,100.04,55.00,2025-01-19T18:11:47.808125
4587db2a-8d79-440c-b51e-7d2b7e897888,AAPL,rush_trader_1129,rush_trader_7288,99.94,30.00,2025-01-19T18:11:47.807888
0bd79e24-bccb-415c-bfd4-f216446492fb,AAPL,rush_trader_64,rush_trader_6771,99.90,28.00,2025-01-19T18:11:47.808049
93f0dee9-2cd5-4773-a1f6-0af18872d644,AAPL,rush_trader_2093,rush_trader_744,99.84,73.00,2025-01-19T18:11:47.807346
a1d42a5e-46ae-45ba-820a-28db8877404a,AAPL,rush_trader_1129,rush_trader_1013,100.04,6.00,2025-01-19T18:11:47.807898
331da238-a8bd-444e-82de-1915b84a2cf1,AAPL,rush_trader_64,rush_trader_6224,99.87,14.00,2025-01-19T18:11:47.807399
f1aa3bac-124f-4c9e-9e59-786344bcc729,AAPL,rush_trader_409,rush_trader_1431,99.94,10.00,2025-01-19T18:11:47.808411
7d90c844-da78-4afb-9a6e-aa1c46de5a91,AAPL,rush_trader_6494,rush_trader_1431,99.88,31.00,2025-01-19T18:11:47.808631
1c4f3862-5d79-4b0e-b4ca-a2d718d08dc9,AAPL,rush_trader_4704,rush_trader_3781,99.81,8.00,2025-01-19T18:11:47.809310
8fd69c01-b475-42f1-aeba-f1b6a3cd68ac,AAPL,rush_trader_8250,rush_trader_3781,99.81,36.00,2025-01-19T18:11:47.809029
02bf5daf-d309-4b5f-9013-e71724fb7970,AAPL,rush_trader_8476,rush_trader_5521,100.00,45.00,2025-01-19T18:11:47.809451
63058e54-0907-4df8-afc8-dc2f2246841c,AAPL,rush_trader_2674,rush_trader_9972,99.78,80.00,2025-01-19T18:11:47.809277
57f29b0b-e6ed-4348-9e96-134f88223955,AAPL,rush_trader_4704,rush_trader_1431,99.88,19.00,2025-01-19T18:11:47.809319
0f5de736-ec38-4207-90ba-43824e89021f,AAPL,rush_trader_8476,rush_trader_1013,100.04,7.00,2025-01-19T18:11:47.809460
87345b20-22a6-464f-a7a5-ea7789652e71,AAPL,rush_trader_5874,rush_trader_9972,99.73,20.00,2025-01-19T18:11:47.809286
22c8faf7-5923-482b-b3f3-e8ca8c7b5e66,AAPL,rush_trader_8476,rush_trader_7752,100.09,1.00,2025-01-19T18:11:47.809796
a2c3312b-4873-4a3a-816d-fba0491b092f,AAPL,rush_trader_64,rush_trader_1431,99.90,36.00,2025-01-19T18:11:47.808421
28ac7c4a-5175-498a-8fc2-e85ba241d120,AAPL,rush_trader_4704,rush_trader_5724,99.94,15.00,2025-01-19T18:11:47.809995
b234caea-5de2-4237-851a-d25b1643b2ad,AAPL,rush_trader_8437,rush_trader_1476,99.90,67.00,2025-01-19T18:11:47.914267
a0959fdc-7e29-4449-9381-cbec5fc91e40,AAPL,rush_trader_1125,rush_trader_5724,99.93,35.00,2025-01-19T18:11:47.914527
91715106-f1f8-4061-b14c-fee357c8f30d,AAPL,rush_trader_342,rush_trader_3660,99.87,21.00,2025-01-19T18:11:47.914787
dd303e0d-ff92-4019-878e-ea1a19412131,AAPL,rush_trader_5991,rush_trader_6523,100.03,39.00,2025-01-19T18:11:47.916378
ed4849d0-2d45-4ab5-a1b7-a3d5d7785c93,AAPL,rush_trader_9117,rush_trader_7752,100.01,58.00,2025-01-19T18:11:47.914982
a5170d8a-152d-45a6-8d47-9af1b8c80014,AAPL,rush_trader_8971,rush_trader_5766,100.12,52.00,2025-01-19T18:11:47.916963
3f2f2a45-124f-4fd4-ae4a-bd762f91510a,AAPL,rush_trader_4356,rush_trader_4828,100.01,7.00,2025-01-19T18:11:47.916559
d937c621-efef-4730-b163-ec8f208e69d4,AAPL,rush_trader_9617,rush_trader_107,100.03,34.00,2025-01-19T18:11:47.915100
6279af43-2211-4231-87d7-0e231cc9011e,AAPL,rush_trader_342,rush_trader_3671,99.87,21.00,2025-01-19T18:11:47.915358
d1abea66-55bb-48d9-a9c1-e6bd95fa658c,AAPL,rush_trader_3078,rush_trader_107,100.03,19.00,2025-01-19T18:11:47.915750
32e5fab6-0aa0-44cd-8fde-201fee7a844b,AAPL,rush_trader_342,rush_trader_1476,99.87,9.00,2025-01-19T18:11:47.914289
92269280-f276-457a-bdc4-04f2f3a5a009,AAPL,rush_trader_9117,rush_trader_107,100.03,20.00,2025-01-19T18:11:47.914999
2ee807fc-8a7f-4cba-8b67-75b3584a2fe3,AAPL,rush_trader_4968,rush_trader_4828,99.90,41.00,2025-01-19T18:11:47.916574
f8f0a446-823b-4f4e-9701-75690ff25528,AAPL,rush_trader_1125,rush_trader_7752,100.01,31.00,2025-01-19T18:11:47.914543
fbfb873c-5007-41ec-b6d0-e6fd0ea1bd8c,AAPL,rush_trader_8971,rush_trader_5857,100.13,2.00,2025-01-19T18:11:47.917026
d94c241a-4806-4471-b095-166a14177f0c,AAPL,rush_trader_4356,rush_trader_4458,100.01,84.00,2025-01-19T18:11:47.916173
70e2899f-06d7-427c-9714-7c00bad20329,AAPL,rush_trader_7204,rush_trader_767,100.18,34.00,2025-01-19T18:11:47.919086
8c9e1823-839a-48fc-806f-ea0f22c0d256,AAPL,rush_trader_8970,rush_trader_3897,100.16,12.00,2025-01-19T18:11:47.918875
f199bc61-4470-4bea-b0fb-2ee0032a8a17,AAPL,rush_trader_8524,rush_trader_6523,100.03,20.00,2025-01-19T18:11:47.916860
7c640946-1212-47bd-bfb0-edc6cb64a05b,AAPL,rush_trader_342,rush_trader_4828,99.87,27.00,2025-01-19T18:11:47.916588
cc1dd933-02a2-4a3b-8826-6a1876543f0b,AAPL,rush_trader_3078,rush_trader_3670,100.11,14.00,2025-01-19T18:11:47.915766
a08e2522-3a94-44be-8ddd-3245af4f2f7b,AAPL,rush_trader_7206,rush_trader_6788,100.22,21.00,2025-01-19T18:11:47.919815
cdadd9e5-b821-426e-b439-e407c1a0be56,AAPL,rush_trader_2792,rush_trader_5857,100.13,38.00,2025-01-19T18:11:47.918203
ce90aa08-8fb2-4a66-9385-82dcf5405d29,AAPL,rush_trader_2861,rush_trader_9875,99.87,35.00,2025-01-19T18:11:47.917939
821a52a4-657c-4e21-8ef2-6964a7720636,AAPL,rush_trader_6036,rush_trader_5857,100.13,46.00,2025-01-19T18:11:47.917820
244262c1-1b7d-42b4-9cb8-9a362cbbf432,AAPL,rush_trader_3783,rush_trader_478,100.22,27.00,2025-01-19T18:11:47.920240
8850fbee-22e5-45d6-bcd9-37445065445a,AAPL,rush_trader_8970,rush_trader_666,100.17,23.00,2025-01-19T18:11:47.918890
e1bedb6e-e38b-4a51-9e00-98e3d0cdf9dd,AAPL,rush_trader_7204,rush_trader_1028,100.18,42.00,2025-01-19T18:11:47.919100
71f76091-c226-4642-bb7e-168869246d3f,AAPL,rush_trader_8524,rush_trader_5766,100.12,20.00,2025-01-19T18:11:47.916875
72bf462a-de53-4719-9025-407389dc963d,AAPL,rush_trader_3078,rush_trader_5766,100.12,12.00,2025-01-19T18:11:47.915780
5c666176-424f-48f0-a798-78247cf18abc,AAPL,rush_trader_3791,rush_trader_1028,100.18,4.00,2025-01-19T18:11:47.919662
a6f5f263-6ba9-425c-bb0a-269baeee499b,AAPL,rush_trader_7494,rush_trader_6788,100.22,31.00,2025-01-19T18:11:47.920019
11a3ca23-2745-4c25-979f-21c78abb0376,AAPL,rush_trader_2585,rush_trader_4828,99.78,4.00,2025-01-19T18:11:47.916602
74cf7229-7eed-4b9b-b9d1-d6be036a5f19,AAPL,rush_trader_2792,rush_trader_7897,100.15,33.00,2025-01-19T18:11:47.918223
cd271180-b84f-4b0c-b2d6-d3c2800e9c1e,AAPL,rush_trader_3107,rush_trader_297,100.09,35.00,2025-01-19T18:11:47.919256
e979a371-801d-45a1-93f4-19532945dd9c,AAPL,rush_trader_8970,rush_trader_767,100.18,23.00,2025-01-19T18:11:47.918904
7b074452-6bd5-45a3-8e9d-10d52d4e8515,AAPL,rush_trader_2792,rush_trader_3897,100.16,17.00,2025-01-19T18:11:47.918239
54b05594-ca09-4c17-ae3a-6cee2ae23197,AAPL,rush_trader_3791,rush_trader_6884,100.22,28.00,2025-01-19T18:11:47.919676
51d41869-da21-49c3-b0a2-2e22dc554b2f,AAPL,rush_trader_7494,rush_trader_478,100.22,7.00,2025-01-19T18:11:47.920036
e8e60124-e8fc-4d32-8a38-1b1c4b8b9fe7,AAPL,rush_trader_3791,rush_trader_6788,100.22,7.00,2025-01-19T18:11:47.919690
1c8a626b-5e36-4c5e-983e-0addc91dc004,AAPL,rush_trader_4653,rush_trader_5705,100.13,3.00,2025-01-19T18:11:48.023589
dac19dc6-09dd-4575-b0bc-4c0b5c951c32,AAPL,rush_trader_1335,rush_trader_5705,100.13,23.00,2025-01-19T18:11:48.023031
9428b8a5-b379-49e9-9045-1b4923a888c0,AAPL,rush_trader_389,rush_trader_2401,100.10,60.00,2025-01-19T18:11:48.023956
44105dd7-166a-44a8-aa84-95eba5b5b5da,AAPL,rush_trader_389,rush_trader_1457,100.10,27.00,2025-01-19T18:11:48.023770
8c8077ee-3d6a-4817-842c-119beb256921,AAPL,rush_trader_3107,rush_trader_1325,100.09,57.00,2025-01-19T18:11:48.023358
717e53e5-a22f-4736-bb59-535b03fd4901,AAPL,rush_trader_8420,rush_trader_5705,100.13,43.00,2025-01-19T18:11:48.022845
40525c1a-2ca9-4d37-bf63-6eb1ac2b2f38,AAPL,rush_trader_7287,rush_trader_1891,99.94,12.00,2025-01-19T18:11:48.026133
f96c1356-7ec4-4d08-b77b-073ca4896b8e,AAPL,rush_trader_5929,rush_trader_478,100.22,20.00,2025-01-19T18:11:48.026448
82a10df9-74f0-4652-b190-0cd3ddf101fe,AAPL,rush_trader_4653,rush_trader_8400,100.22,38.00,2025-01-19T18:11:48.023605
27b45108-2803-411b-ab76-65c5fafd7891,AAPL,rush_trader_9302,rush_trader_1137,100.00,15.00,2025-01-19T18:11:48.024547
57cb1ba1-69f6-40fd-956e-337d9bfe3c92,AAPL,rush_trader_987,rush_trader_7954,100.23,7.00,2025-01-19T18:11:48.026650
76241787-a3fc-401f-bc5c-5fe7c8c5873f,AAPL,rush_trader_423,rush_trader_2401,100.05,21.00,2025-01-19T18:11:48.024318
710988fd-851f-448c-87e4-eec9bc7630a5,AAPL,rush_trader_3748,rush_trader_569,100.09,28.00,2025-01-19T18:11:48.026290
183e291e-498b-4701-9afc-816b016e7854,AAPL,rush_trader_7287,rush_trader_2401,100.05,6.00,2025-01-19T18:11:48.026151
9e4c448e-7cd1-4ef3-a779-c5637aa29299,AAPL,rush_trader_3524,rush_trader_9712,99.96,57.00,2025-01-19T18:11:48.025640
4c44cbb2-6fc0-4483-b796-a5bd8ca171e5,AAPL,rush_trader_9302,rush_trader_1325,100.00,13.00,2025-01-19T18:11:48.023372
3a26c21a-1073-4fb2-b2a5-0719f38a3f64,AAPL,rush_trader_5929,rush_trader_7954,100.23,66.00,2025-01-19T18:11:48.026461
5364e07b-2dfc-4522-a3b1-38072ce439ea,AAPL,rush_trader_2207,rush_trader_576,100.25,20.00,2025-01-19T18:11:48.027086
e88216b7-511e-4cb7-8f1e-249c252359bc,AAPL,rush_trader_832,rush_trader_7085,100.24,31.00,2025-01-19T18:11:48.026857
ccb116ad-2cc1-411f-8dae-b167cf826356,AAPL,rush_trader_3524,rush_trader_1008,99.96,22.00,2025-01-19T18:11:48.025072
f0849cba-a9e3-4dc9-bbb9-e655a946a9e9,AAPL,rush_trader_8520,rush_trader_8749,99.94,40.00,2025-01-19T18:11:48.025839
93893bdc-0dca-4dce-8dd3-0bdffd738109,AAPL,rush_trader_1020,rush_trader_8555,100.28,18.00,2025-01-19T18:11:48.029287
a6a360cb-1c47-4606-8c11-092fd660a650,AAPL,rush_trader_7301,rush_trader_9149,100.03,73.00,2025-01-19T18:11:48.028023
fc1166a6-1214-46f1-9b25-7821f62fb20e,AAPL,rush_trader_467,rush_trader_8555,100.28,39.00,2025-01-19T18:11:48.028830
e90d4f7b-4a6a-4532-9141-731102982108,AAPL,rush_trader_9302,rush_trader_8365,100.00,10.00,2025-01-19T18:11:48.024171
d42c22ea-167e-40a7-b1ee-6e2ce263ed51,AAPL,rush_trader_8639,rush_trader_1115,100.26,2.00,2025-01-19T18:11:48.028614
84606349-3f06-4b82-97f9-73b1b6aa7a1a,AAPL,rush_trader_8079,rush_trader_1137,99.97,18.00,2025-01-19T18:11:48.024562
45b90474-bb46-41d6-b3d6-95b88596325b,AAPL,rush_trader_4641,rush_trader_576,100.25,9.00,2025-01-19T18:11:48.028396
6ff7ed6a-17ce-4f83-b04a-ada238edc86b,AAPL,rush_trader_8692,rush_trader_9149,99.92,6.00,2025-01-19T18:11:48.028189
55f73705-587b-4903-a80d-544bfa638eab,AAPL,rush_trader_8520,rush_trader_9149,99.94,9.00,2025-01-19T18:11:48.028038
7c19f51a-37c6-4827-8732-65c311c64ea6,AAPL,rush_trader_987,rush_trader_7085,100.24,69.00,2025-01-19T18:11:48.026663
cea24a91-e849-4e72-955e-36cdd05b202f,AAPL,rush_trader_832,rush_trader_576,100.25,18.00,2025-01-19T18:11:48.026871
a0718625-7dfd-4adf-828b-a5af4acf0351,AAPL,rush_trader_3748,rush_trader_6898,100.20,20.00,2025-01-19T18:11:48.027774
bfb4b5e8-0146-4fbb-b337-1b06b026c979,AAPL,rush_trader_7287,rush_trader_569,100.09,50.00,2025-01-19T18:11:48.026166
4e2299ab-16ae-4481-b915-7868b3a49e3a,AAPL,rush_trader_1020,rush_trader_8517,100.28,57.00,2025-01-19T18:11:48.029300
4007044d-eb08-4be0-835d-384cb1a62b44,AAPL,rush_trader_9546,rush_trader_8193,100.33,4.00,2025-01-19T18:11:48.029559
93e69080-53a6-46e6-b5a3-1a7150e5093f,AAPL,rush_trader_4653,rush_trader_478,100.22,37.00,2025-01-19T18:11:48.023618
1d4dadcc-8ae8-4c76-b32b-5bc5164c88c5,AAPL,rush_trader_1020,rush_trader_8193,100.33,25.00,2025-01-19T18:11:48.029312
e1e49f36-43d5-48f4-b338-71a949359160,AAPL,rush_trader_8639,rush_trader_610,100.27,43.00,2025-01-19T18:11:48.028627
22b41942-67ee-4290-9037-309e23d16d5b,AAPL,rush_trader_4641,rush_trader_1115,100.26,77.00,2025-01-19T18:11:48.028415
4547df86-e949-4c3f-8d22-4a712f604f00,AAPL,rush_trader_8520,rush_trader_1137,99.94,12.00,2025-01-19T18:11:48.024575
0008ab1c-3a52-4eed-aa06-2b7ee892e94b,AAPL,rush_trader_9546,rush_trader_2302,100.36,68.00,2025-01-19T18:11:48.029572
d8d1cef6-413b-428e-aa9a-8685780d9fe1,AAPL,rush_trader_7301,rush_trader_6898,100.03,6.00,2025-01-19T18:11:48.027788
cf6de36d-44f2-4362-8ece-33af55392317,AAPL,rush_trader_8639,rush_trader_8555,100.28,38.00,2025-01-19T18:11:48.028638
5c3dfe93-a7a6-48c5-b1f7-1d365925b93d,AAPL,rush_trader_9546,rush_trader_5278,100.39,14.00,2025-01-19T18:11:48.029584
4d977013-53a4-49a7-abb5-19f645d05a4c,AAPL,rush_trader_395,rush_trader_8320,100.23,19.00,2025-01-19T18:11:48.133253
14213f3a-f56b-48d9-ab94-5ab3cebfbaf7,AAPL,rush_trader_6549,rush_trader_5278,100.39,86.00,2025-01-19T18:11:48.132173
27d74873-d889-4b5e-8649-ba6d1c502401,AAPL,rush_trader_5541,rush_trader_1427,100.25,23.00,2025-01-19T18:11:48.133060
9e7b6f0a-c76a-4039-8f7d-286c7e1e472c,AAPL,rush_trader_9430,rush_trader_3955,100.42,24.00,2025-01-19T18:11:48.132450
dd9423b0-d577-4876-b9cd-e79ca3a066ca,AAPL,rush_trader_8660,rush_trader_1703,100.46,55.00,2025-01-19T18:11:48.134429
c92117f3-a1cc-4c2e-a5b2-9e2ef4fcbdb2,AAPL,rush_trader_4119,rush_trader_4182,100.28,77.00,2025-01-19T18:11:48.133854
2c794da2-85bd-412d-b622-9ca6f08a3f59,AAPL,rush_trader_6728,rush_trader_2209,100.43,29.00,2025-01-19T18:11:48.132568
ef14b759-182e-4eb1-828f-2390fc63b0b1,AAPL,rush_trader_570,rush_trader_1427,100.32,31.00,2025-01-19T18:11:48.132830
895b5437-3ddd-41cc-a785-ccf1ab72b3dd,AAPL,rush_trader_5541,rush_trader_2209,100.43,8.00,2025-01-19T18:11:48.133074
0a1215ac-6fe6-45d4-97a2-d4980c400612,AAPL,rush_trader_7044,rush_trader_8027,100.33,85.00,2025-01-19T18:11:48.134725
607c143c-fe78-48d7-ac3a-1fa689ae59a7,AAPL,rush_trader_8660,rush_trader_9162,100.49,5.00,2025-01-19T18:11:48.134442
809feb3a-1963-4c7c-86f7-03bc15fc2ccf,AAPL,rush_trader_395,rush_trader_2598,100.23,9.00,2025-01-19T18:11:48.135348
5d19f1b6-8309-488d-b059-c5d187e14f82,AAPL,rush_trader_9430,rush_trader_2209,100.43,57.00,2025-01-19T18:11:48.132464
dc2543ee-9a4e-412a-a9e0-2457b7906746,AAPL,rush_trader_6011,rush_trader_9751,100.46,29.00,2025-01-19T18:11:48.134128
4dbd3102-feba-4b58-bd2e-0187cc20e27b,AAPL,rush_trader_6695,rush_trader_4691,100.25,35.00,2025-01-19T18:11:48.135816
100d3889-0c69-47e0-915a-fc876b3d35d2,AAPL,rush_trader_5732,rush_trader_9387,100.38,54.00,2025-01-19T18:11:48.137138
bdacdb04-5e10-4281-a0c4-28f357f03410,AAPL,rush_trader_8918,rush_trader_3955,100.42,12.00,2025-01-19T18:11:48.133167
c1170823-f8e9-4073-92d8-b7e5c7e985fb,AAPL,rush_trader_395,rush_trader_1118,100.23,30.00,2025-01-19T18:11:48.135224
2e13e261-89e9-4d26-83f9-74d628d0f12b,AAPL,rush_trader_6549,rush_trader_3955,100.42,3.00,2025-01-19T18:11:48.132201
bb08a7d5-3891-4214-98e9-8410ebe3886c,AAPL,rush_trader_6191,rush_trader_9637,100.30,33.00,2025-01-19T18:11:48.136614
72bafe87-9443-4ec3-9c97-5797f0345361,AAPL,rush_trader_4119,rush_trader_8605,100.28,21.00,2025-01-19T18:11:48.135032
d664975c-5c17-4113-83e9-f992821dd459,AAPL,rush_trader_5732,rush_trader_8429,100.50,11.00,2025-01-19T18:11:48.137152
3bfcc9d8-5d86-47e6-b990-ac3ffd3ef15c,AAPL,rush_trader_4223,rush_trader_8429,100.50,12.00,2025-01-19T18:11:48.136867
5a741cb5-8b6a-4ad3-8884-cf0d15dfad63,AAPL,rush_trader_6011,rush_trader_9283,100.46,30.00,2025-01-19T18:11:48.134144
b0201caf-68fa-4098-ae4a-0a187f65ad22,AAPL,rush_trader_8692,rush_trader_2598,100.21,24.00,2025-01-19T18:11:48.135364
61208b14-dce4-4940-885e-0bdd88538f8b,AAPL,rush_trader_6695,rush_trader_9677,100.25,7.00,2025-01-19T18:11:48.136502
c168125b-81ad-4785-bf73-33eb868d8268,AAPL,rush_trader_434,rush_trader_9637,100.30,30.00,2025-01-19T18:11:48.136429
7889e29a-a42f-418f-b28a-75489f82662e,AAPL,rush_trader_395,rush_trader_8605,100.23,21.00,2025-01-19T18:11:48.135048
6be3d193-1b21-462c-b1fa-07a7e247b13f,AAPL,rush_trader_677,rush_trader_8429,100.50,48.00,2025-01-19T18:11:48.137318
d817f1f5-f0f1-4c34-ab81-9d0b722916f7,AAPL,rush_trader_6011,rush_trader_1703,100.46,26.00,2025-01-19T18:11:48.134158
09b5edad-de5f-4076-9124-18f9932c42ac,AAPL,rush_trader_8912,rush_trader_4113,100.52,22.00,2025-01-19T18:11:48.137548
d4ec7e43-1263-42b6-bed0-6eced87b81c1,AAPL,rush_trader_5232,rush_trader_9677,100.20,8.00,2025-01-19T18:11:48.136518
449f0ac7-c571-4cda-95f3-88e866c6463b,AAPL,rush_trader_6191,rush_trader_9162,100.49,15.00,2025-01-19T18:11:48.136628
a81a26d6-4060-4535-9063-9cbb0ce95d54,AAPL,rush_trader_5541,rush_trader_527,100.43,31.00,2025-01-19T18:11:48.133091
d4308d57-4ab6-4ea1-9803-769d3a9149cc,AAPL,rush_trader_5522,rush_trader_2598,100.19,47.00,2025-01-19T18:11:48.135377
69154c33-fb08-4817-a174-f9a319f9cfd6,AAPL,rush_trader_8912,rush_trader_1529,100.53,11.00,2025-01-19T18:11:48.137560
28d52fc2-9cab-4577-9797-f892a7ddea87,AAPL,rush_trader_677,rush_trader_4113,100.52,16.00,2025-01-19T18:11:48.137330
edd88800-e426-45b6-9a08-f21b012c53d1,AAPL,rush_trader_5541,rush_trader_9751,100.46,29.00,2025-01-19T18:11:48.133105
7d626710-a25b-4e35-ae83-27293909e8e6,AAPL,rush_trader_6191,rush_trader_8429,100.50,20.00,2025-01-19T18:11:48.136640
eaa8b334-abee-4008-9bbb-4556f76e7ef8,AAPL,rush_trader_6430,rush_trader_8055,100.37,72.00,2025-01-19T18:11:48.242445
e66fb9af-34e0-4c8e-9aab-197ebc4a3111,AAPL,rush_trader_8700,rush_trader_2084,100.22,67.00,2025-01-19T18:11:48.242527
f6f8b077-1f99-4954-b045-3068dcbf32a3,AAPL,rush_trader_5232,rush_trader_2918,100.20,11.00,2025-01-19T18:11:48.242147
11354805-acd0-44b3-8350-1dc164ce8617,AAPL,rush_trader_8998,rush_trader_8055,100.37,17.00,2025-01-19T18:11:48.242687
85061398-f54d-4c22-8138-aaa8ff9e85a0,AAPL,rush_trader_591,rush_trader_2187,100.34,69.00,2025-01-19T18:11:48.243857
dd6ad010-8eb1-4ed6-92bf-cacd6a64e180,AAPL,rush_trader_8998,rush_trader_6141,100.53,19.00,2025-01-19T18:11:48.242913
5db285e8-4eb3-434e-95fa-a62a4065a087,AAPL,rush_trader_2768,rush_trader_2187,100.34,10.00,2025-01-19T18:11:48.243711
ecb053c4-f609-4381-957b-c28ffb03e4dd,AAPL,rush_trader_4768,rush_trader_2918,100.19,68.00,2025-01-19T18:11:48.242161
b955f41a-9209-4ca6-b748-418a635e2f50,AAPL,rush_trader_2664,rush_trader_6822,100.33,27.00,2025-01-19T18:11:48.243461
704c4d5a-f5ad-4b1c-9e5c-d36da8e22f0e,AAPL,rush_trader_5031,rush_trader_1529,100.53,34.00,2025-01-19T18:11:48.244082
eda72f75-8814-4f56-8d0d-efed274c1c85,AAPL,rush_trader_9778,rush_trader_8331,100.58,12.00,2025-01-19T18:11:48.244856
a6c985b9-1f93-4e7c-8614-5f234b4eddc9,AAPL,rush_trader_2750,rush_trader_9358,100.54,13.00,2025-01-19T18:11:48.244513
2ac9ff75-5f09-43f9-bc50-18376f21ae39,AAPL,rush_trader_5148,rush_trader_9358,100.54,30.00,2025-01-19T18:11:48.244406
72c36bbe-5b58-417e-a9f3-688a36505925,AAPL,rush_trader_8397,rush_trader_8928,100.55,28.00,2025-01-19T18:11:48.244638
b7821f66-1215-46c8-a0a8-da348b042c3a,AAPL,rush_trader_8397,rush_trader_5536,100.55,22.00,2025-01-19T18:11:48.244653
d9834e6b-886d-4a71-b608-be09b624bb68,AAPL,rush_trader_5522,rush_trader_2918,100.19,3.00,2025-01-19T18:11:48.242173
e1ce5ff0-cbdb-43ac-b167-cea70fb1718e,AAPL,rush_trader_591,rush_trader_142,100.48,15.00,2025-01-19T18:11:48.243869
aff58a2c-eaed-445e-9e8e-0f39ddb308ee,AAPL,rush_trader_9842,rush_trader_4218,100.65,30.00,2025-01-19T18:11:48.245354
0e9aff32-7154-49bb-9d3c-fd017180b97f,AAPL,rush_trader_5031,rush_trader_9358,100.54,44.00,2025-01-19T18:11:48.244095
495a9ae7-0d80-45a1-a16c-d54038ec226b,AAPL,rush_trader_6492,rush_trader_5653,100.69,3.00,2025-01-19T18:11:48.246202
3878d27a-02d1-495c-af19-5039ae82454c,AAPL,rush_trader_8998,rush_trader_2187,100.53,11.00,2025-01-19T18:11:48.243182
4e57f030-b574-4f8d-931d-27f29f233cfa,AAPL,rush_trader_4125,rush_trader_4218,100.65,34.00,2025-01-19T18:11:48.245673
a01cfece-8741-49a4-8100-e2683aeb1d53,AAPL,rush_trader_8915,rush_trader_4218,100.65,64.00,2025-01-19T18:11:48.245782
a3c089eb-78ac-4172-8564-59d9a4de43bf,AAPL,rush_trader_5232,rush_trader_5690,100.20,56.00,2025-01-19T18:11:48.241912
a36c7d40-a49e-4755-9801-8236bf0d8904,AAPL,rush_trader_6492,rush_trader_4709,100.69,19.00,2025-01-19T18:11:48.246215
92f47797-52aa-4d79-9d81-edcffc458928,AAPL,rush_trader_2750,rush_trader_4345,100.54,22.00,2025-01-19T18:11:48.244528
9646e197-8799-4988-8d9f-a220ba941332,AAPL,rush_trader_9778,rush_trader_1335,100.61,44.00,2025-01-19T18:11:48.244869
7dd7cfe0-e870-4397-85e7-68c613d7cafd,AAPL,rush_trader_8397,rush_trader_8331,100.58,39.00,2025-01-19T18:11:48.244666
967d5634-442c-44d9-a09d-647269ae3ee0,AAPL,rush_trader_8915,rush_trader_5653,100.69,31.00,2025-01-19T18:11:48.245798
9b800f35-ea92-4c48-89a3-454605a72af8,AAPL,rush_trader_8742,rush_trader_1136,100.71,79.00,2025-01-19T18:11:48.246680
a99cc842-3596-4060-8c54-40fe4a8e32ba,AAPL,rush_trader_1908,rush_trader_5585,100.70,27.00,2025-01-19T18:11:48.246319
d2438fd9-e9e0-4302-a45b-efcf4e2a2582,AAPL,rush_trader_9778,rush_trader_4218,100.65,2.00,2025-01-19T18:11:48.244881
7a8eaff0-4797-4e3e-b75f-e37202976c7e,AAPL,rush_trader_4125,rush_trader_5653,100.69,11.00,2025-01-19T18:11:48.245686
8d97e334-649d-42c1-8e46-8be469a44a3b,AAPL,rush_trader_2750,rush_trader_8928,100.55,17.00,2025-01-19T18:11:48.244540
a0a591bc-6e6d-4327-968c-84763c55fa3c,AAPL,rush_trader_6492,rush_trader_5585,100.70,44.00,2025-01-19T18:11:48.246227
3923b76b-d91b-4362-a957-059bf24ff545,AAPL,rush_trader_1908,rush_trader_6688,100.71,14.00,2025-01-19T18:11:48.246332
d9bbb693-366a-468f-8d0b-62cced079710,AAPL,rush_trader_1908,rush_trader_1136,100.71,6.00,2025-01-19T18:11:48.246344
300c1ed8-6b58-4555-9b39-3292f564eefc,AAPL,rush_trader_5503,rush_trader_6485,100.60,11.00,2025-01-19T18:11:48.354277
c5e27fd1-548d-4868-b45f-62f6e0013732,AAPL,rush_trader_2785,rush_trader_6485,100.60,49.00,2025-01-19T18:11:48.354087
5741211e-ceb4-40c0-9e64-75b0eef1ca3e,AAPL,rush_trader_692,rush_trader_7927,100.60,66.00,2025-01-19T18:11:48.355735
41975e8b-b137-457f-8550-fb975a9078b7,AAPL,rush_trader_591,rush_trader_4159,100.52,14.00,2025-01-19T18:11:48.354576
f9dd46f9-099f-4fe6-81f7-e921847de5d3,AAPL,rush_trader_692,rush_trader_4476,100.60,34.00,2025-01-19T18:11:48.356230
3f515375-7ce4-4dea-983c-907d8f998777,AAPL,rush_trader_5994,rush_trader_6485,100.60,23.00,2025-01-19T18:11:48.354962
c94362c1-0278-4a66-ae77-a82efae79095,AAPL,rush_trader_6749,rush_trader_9122,100.42,21.00,2025-01-19T18:11:48.354792
339cc380-2117-4b37-9eae-267af87b107d,AAPL,rush_trader_4331,rush_trader_2367,100.51,44.00,2025-01-19T18:11:48.356576
0ea1ef05-9c9d-4d0e-ba24-501aef9a1e8c,AAPL,rush_trader_7929,rush_trader_7845,100.56,9.00,2025-01-19T18:11:48.356428
05c5ad6c-9584-4e87-9f27-ecfe715cbb53,AAPL,rush_trader_5964,rush_trader_4159,100.44,27.00,2025-01-19T18:11:48.354597
aca39b53-9428-4d4a-8030-1c28da4bff8f,AAPL,rush_trader_4836,rush_trader_6193,100.30,27.00,2025-01-19T18:11:48.357210
2291ace0-68bd-4d2c-9c2e-8a230ab95ef2,AAPL,rush_trader_7910,rush_trader_6500,100.47,30.00,2025-01-19T18:11:48.357461
cbdedacd-9a9c-4d0e-ae0e-71d10476fbe6,AAPL,rush_trader_5597,rush_trader_5468,100.33,38.00,2025-01-19T18:11:48.356901
7d6f62e9-588a-4354-975e-a7783a33b2c5,AAPL,rush_trader_5994,rush_trader_1136,100.71,9.00,2025-01-19T18:11:48.354981
1330d718-4631-4616-ba0e-3174f2383fdd,AAPL,rush_trader_6850,rush_trader_6098,100.44,14.00,2025-01-19T18:11:48.358530
63b6b640-eec7-449a-90f2-3b196c00569b,AAPL,rush_trader_1060,rush_trader_6500,100.47,21.00,2025-01-19T18:11:48.357069
ad35386e-5a2c-47cc-be78-d64d7ef39959,AAPL,rush_trader_5597,rush_trader_6500,100.47,38.00,2025-01-19T18:11:48.356917
b76873d2-7056-4c25-a91e-b2ee016c66cf,AAPL,rush_trader_2664,rush_trader_2367,100.33,40.00,2025-01-19T18:11:48.356595
6b34ac4a-5c19-4c46-9ae5-b927a3d136e3,AAPL,rush_trader_1424,rush_trader_9122,100.33,16.00,2025-01-19T18:11:48.354813
3c3b2ff3-981d-4ad0-b720-f22b83841032,AAPL,rush_trader_7910,rush_trader_3165,100.59,4.00,2025-01-19T18:11:48.358110
0d8d53bf-e015-46b3-9d9d-0da2beea2186,AAPL,rush_trader_2783,rush_trader_4309,100.60,8.00,2025-01-19T18:11:48.358654
31d6d834-fdcf-4dff-9a2c-29741414b668,AAPL,rush_trader_7929,rush_trader_4476,100.56,24.00,2025-01-19T18:11:48.356247
ec69fea7-005d-4f99-a91e-80b01d79a17e,AAPL,rush_trader_4724,rush_trader_3165,100.48,30.00,2025-01-19T18:11:48.358124
0179555b-ba3d-4a79-b60d-d4a1d63d99eb,AAPL,rush_trader_1754,rush_trader_9400,100.56,42.00,2025-01-19T18:11:48.359015
5be806e6-15bd-4722-87c8-90a9e3862ea9,AAPL,rush_trader_1170,rush_trader_7845,100.55,76.00,2025-01-19T18:11:48.356445
3c13cefa-0cd3-425e-8624-e9a1d200eb20,AAPL,rush_trader_2783,rush_trader_1136,100.71,1.00,2025-01-19T18:11:48.358671
f08d97b3-3f5f-4f47-be36-2af4a6b8512f,AAPL,rush_trader_6828,rush_trader_3663,100.34,64.00,2025-01-19T18:11:48.359790
648d99ff-9345-49e4-a623-e6869287ad7a,AAPL,rush_trader_6850,rush_trader_4309,100.60,20.00,2025-01-19T18:11:48.358547
373054db-e0e3-4026-a459-b71aacaca23f,AAPL,rush_trader_6749,rush_trader_4159,100.42,14.00,2025-01-19T18:11:48.354616
34f08566-7753-4dab-844f-a84ed1ce0853,AAPL,rush_trader_1266,rush_trader_9691,100.40,15.00,2025-01-19T18:11:48.359525
8a95345e-f1c1-4958-af38-663fa05c0817,AAPL,rush_trader_2664,rush_trader_9122,100.33,24.00,2025-01-19T18:11:48.354831
297709fc-48d5-473c-a9a7-fc03322e0813,AAPL,rush_trader_1266,rush_trader_7885,100.40,17.00,2025-01-19T18:11:48.359228
aac13fe0-9043-418b-86b6-d94db3c1bc2f,AAPL,rush_trader_4836,rush_trader_2367,100.30,6.00,2025-01-19T18:11:48.356612
d3f3d1ab-93bb-4206-b170-d012d5366113,AAPL,rush_trader_3999,rush_trader_3165,100.40,16.00,2025-01-19T18:11:48.358144
263a7fc9-6cc8-4763-b46b-2e8b7c571ea7,AAPL,rush_trader_3999,rush_trader_9691,100.40,31.00,2025-01-19T18:11:48.359542
6c56ed28-6884-4227-89c3-7e82e45f4e47,AAPL,rush_trader_2783,rush_trader_9848,100.72,31.00,2025-01-19T18:11:48.358686
05a25122-6f02-4ae9-81eb-eca6706d5766,AAPL,rush_trader_9012,rush_trader_9691,100.35,35.00,2025-01-19T18:11:48.359558
19424dcd-0777-480e-abe3-915749ccefb1,AAPL,rush_trader_2783,rush_trader_416,100.73,39.00,2025-01-19T18:11:48.358701
992f790b-ecb5-4f1b-9d48-029ccc838940,AAPL,rush_trader_8352,rush_trader_9691,100.32,1.00,2025-01-19T18:11:48.359573
4ae68b8a-f181-47d3-84f9-8d424dd25c69,AAPL,rush_trader_5965,rush_trader_9400,100.56,32.00,2025-01-19T18:11:48.469201
44ed5e39-cea0-4787-a275-bfae4f6a391f,AAPL,rush_trader_6828,rush_trader_4055,100.34,9.00,2025-01-19T18:11:48.471117
db359930-45ff-4296-be97-a4591c6a4ee1,AAPL,rush_trader_2386,rush_trader_1825,100.71,9.00,2025-01-19T18:11:48.472709
a19c3441-4143-4443-83fe-189cd673e871,AAPL,rush_trader_8352,rush_trader_4552,100.32,14.00,2025-01-19T18:11:48.471998
44d47596-be9d-4546-8f05-e789d2c595d7,AAPL,rush_trader_6249,rush_trader_9179,100.35,7.00,2025-01-19T18:11:48.471542
21ff095d-0dd5-41dc-96be-ad087871cba9,AAPL,rush_trader_1459,rush_trader_3705,100.74,34.00,2025-01-19T18:11:48.469481
5960eb93-dc1c-4c29-9007-6b7399a629ab,AAPL,rush_trader_5965,rush_trader_416,100.73,40.00,2025-01-19T18:11:48.469256
3ef59525-fe54-4091-b42f-aae52fb64ba4,AAPL,rush_trader_7149,rush_trader_9179,100.35,81.00,2025-01-19T18:11:48.470712
0b7d72a3-aa59-4ccc-bee0-f42fb262384f,AAPL,rush_trader_1993,rush_trader_3898,100.28,82.00,2025-01-19T18:11:48.474995
0d4acfc3-9a4e-4478-9b17-099286c1a7a5,AAPL,rush_trader_1459,rush_trader_7671,100.76,33.00,2025-01-19T18:11:48.469517
fb71f781-7c84-4a31-95d5-646035b09e5d,AAPL,rush_trader_2989,rush_trader_988,100.62,41.00,2025-01-19T18:11:48.473923
43858c66-2d59-47cb-947d-4f7f2c3dc15d,AAPL,rush_trader_4836,rush_trader_5507,100.30,38.00,2025-01-19T18:11:48.474642
faea2354-f654-46c0-85ea-465ca5dcc6cc,AAPL,rush_trader_2386,rush_trader_4552,100.31,23.00,2025-01-19T18:11:48.472434
2080e836-f959-4bb7-ab10-13ae27bcd07b,AAPL,rush_trader_8352,rush_trader_4055,100.32,76.00,2025-01-19T18:11:48.471149
3f2fa2f1-e535-4398-b802-a47efa00e6e0,AAPL,rush_trader_5965,rush_trader_3705,100.74,7.00,2025-01-19T18:11:48.469285
5ffb9c77-41fe-4dc3-8478-7cd437282599,AAPL,rush_trader_3039,rush_trader_3581,100.41,10.00,2025-01-19T18:11:48.475760
9a2d3edc-9b95-4a1a-9aa7-cc9439d03e35,AAPL,rush_trader_1993,rush_trader_653,100.28,3.00,2025-01-19T18:11:48.475153
e2cc9cdc-680a-438b-9578-74ca8b3998a2,AAPL,rush_trader_9128,rush_trader_3581,100.57,39.00,2025-01-19T18:11:48.474190
b90f790b-762a-40d3-a2d3-278e3b2334c8,AAPL,rush_trader_9128,rush_trader_1825,100.37,42.00,2025-01-19T18:11:48.473157
eb8c986d-c196-4807-8e19-f9540924b33d,AAPL,rush_trader_8175,rush_trader_2690,100.28,17.00,2025-01-19T18:11:48.476386
25860935-84d2-45bb-9b18-d0d23c1e81b4,AAPL,rush_trader_6249,rush_trader_7671,100.76,46.00,2025-01-19T18:11:48.471575
4952a2a9-28e3-42f5-b0c7-24547fcea2f2,AAPL,rush_trader_1853,rush_trader_2183,100.46,9.00,2025-01-19T18:11:48.476935
8828d55a-9702-424f-84d6-40b2c10664ca,AAPL,rush_trader_3625,rush_trader_9637,100.78,12.00,2025-01-19T18:11:48.478199
123899fe-3103-4e54-b890-f78519798348,AAPL,rush_trader_3039,rush_trader_2183,100.71,8.00,2025-01-19T18:11:48.476130
b1527e53-9b6b-4232-b7d4-58637231d6a6,AAPL,rush_trader_1853,rush_trader_4308,100.76,33.00,2025-01-19T18:11:48.478952
fbde89c8-5ffc-4b48-988d-4f0e8435fae7,AAPL,rush_trader_4697,rush_trader_8475,100.76,56.00,2025-01-19T18:11:48.477250
e1297ae4-40b2-4d79-80ec-6f974f835772,AAPL,rush_trader_4941,rush_trader_5507,100.29,23.00,2025-01-19T18:11:48.474670
2221dbe5-11cf-4c18-a63e-d42a70e17249,AAPL,rush_trader_9714,rush_trader_8475,100.76,39.00,2025-01-19T18:11:48.477810
19350dfd-60aa-4e26-927f-cd869a2abd24,AAPL,rush_trader_1853,rush_trader_2104,100.76,23.00,2025-01-19T18:11:48.478770
4b4336fd-29c7-4f8f-bef8-6fcd315d2859,AAPL,rush_trader_3625,rush_trader_8708,100.78,24.00,2025-01-19T18:11:48.478234
dcb3ce61-c07a-4511-ad0e-a9d8553ecae3,AAPL,rush_trader_3039,rush_trader_988,100.62,21.00,2025-01-19T18:11:48.475785
e408b7f0-fd7a-4a8e-b4fc-4dbc083c6e13,AAPL,rush_trader_5023,rush_trader_4308,100.58,16.00,2025-01-19T18:11:48.478976
fafcd708-90b0-41f1-ad30-49143010802b,AAPL,rush_trader_3115,rush_trader_5507,100.28,11.00,2025-01-19T18:11:48.474695
d7f72330-a2ca-4b7c-8db0-58f7a9acd0e2,AAPL,rush_trader_459,rush_trader_653,100.27,7.00,2025-01-19T18:11:48.475180
170b6273-cc48-4385-b0ed-5b2cb952a2f8,AAPL,rush_trader_4909,rush_trader_8708,100.78,34.00,2025-01-19T18:11:48.479453
6ad36793-e192-45da-aa32-fe4cc4a4ef2b,AAPL,rush_trader_9714,rush_trader_9637,100.78,24.00,2025-01-19T18:11:48.477832
812a596c-f4b2-4846-98ff-bce73e74c098,AAPL,rush_trader_459,rush_trader_5507,100.27,4.00,2025-01-19T18:11:48.474719
76411252-0ff4-44ba-8373-ed8410f0bd44,AAPL,rush_trader_6071,rush_trader_2043,100.57,17.00,2025-01-19T18:11:48.587756
f5b43e2f-630f-4a9c-93ad-579e2b36fa33,AAPL,rush_trader_5023,rush_trader_7371,100.58,26.00,2025-01-19T18:11:48.586532
3f527525-77cb-452f-ada7-0f46859b8bb3,AAPL,rush_trader_9849,rush_trader_8708,100.78,32.00,2025-01-19T18:11:48.588511
517eafd5-de8e-44da-a949-cd7c2b1d1454,AAPL,rush_trader_4243,rush_trader_8673,100.51,16.00,2025-01-19T18:11:48.590015
053e3a20-c5f9-4991-b63a-646c86a12e59,AAPL,rush_trader_1743,rush_trader_8673,100.63,61.00,2025-01-19T18:11:48.589191
94fda8f9-6797-4b95-9d6f-cbdb5c637be0,AAPL,rush_trader_9522,rush_trader_7873,100.80,39.00,2025-01-19T18:11:48.588709
e6848568-dd66-4bae-8ed6-bb9ea2ed6688,AAPL,rush_trader_7775,rush_trader_8673,100.51,3.00,2025-01-19T18:11:48.590918
8d60f2f0-71d8-4842-9598-bf65dd9db47c,AAPL,rush_trader_9522,rush_trader_3651,100.80,31.00,2025-01-19T18:11:48.588737
05688e94-a20b-42a9-bb4d-cc7495603493,AAPL,rush_trader_9849,rush_trader_7873,100.80,46.00,2025-01-19T18:11:48.588539
ff2ef5af-4109-4a69-9c66-1ed12c8af01c,AAPL,rush_trader_7775,rush_trader_3651,100.80,27.00,2025-01-19T18:11:48.590941
e8ead443-8f0f-4f41-960c-4c2af091bfd0,AAPL,rush_trader_3099,rush_trader_6258,100.46,55.00,2025-01-19T18:11:48.589393
ee25304d-9ef6-4706-af44-5f5247957bcd,AAPL,rush_trader_1614,rush_trader_4138,100.58,16.00,2025-01-19T18:11:48.592792
bf94787d-de19-4668-812c-f1b6150a30b8,AAPL,rush_trader_9207,rush_trader_1338,100.80,17.00,2025-01-19T18:11:48.591238
09f042d3-c0e9-499e-b1a5-691a4d0ed911,AAPL,rush_trader_1614,rush_trader_9076,100.58,31.00,2025-01-19T18:11:48.591703
ac4a3004-2750-471e-a404-2313fbe5634d,AAPL,rush_trader_9552,rush_trader_6872,100.37,67.00,2025-01-19T18:11:48.590667
07faa2c7-39b9-46db-af42-72e23200d377,AAPL,rush_trader_3099,rush_trader_7249,100.46,25.00,2025-01-19T18:11:48.589683
4d22793f-79de-4b03-98ea-0ab3aead8546,AAPL,rush_trader_6071,rush_trader_7371,100.57,26.00,2025-01-19T18:11:48.586598
e76422c9-3372-4dd1-89f7-2dd3f808fd21,AAPL,rush_trader_418,rush_trader_2043,100.53,56.00,2025-01-19T18:11:48.587786
f9a085d4-34d0-4c0b-8c5d-0e473f2264e4,AAPL,rush_trader_7775,rush_trader_1338,100.80,70.00,2025-01-19T18:11:48.590962
41a766ef-a824-4c1f-9a4e-cbbf123ad495,AAPL,rush_trader_5138,rush_trader_8651,100.42,13.00,2025-01-19T18:11:48.594272
25fdfb03-79f2-40fb-a78c-f3aa00cc7e21,AAPL,rush_trader_2386,rush_trader_8651,100.45,26.00,2025-01-19T18:11:48.593122
0e3b12de-51a8-4a4f-94e9-bb1ab2b0bc34,AAPL,rush_trader_8699,rush_trader_1338,100.80,6.00,2025-01-19T18:11:48.592123
4fe8486f-1f27-47e2-beaf-5932e58d0286,AAPL,rush_trader_3099,rush_trader_2043,100.46,9.00,2025-01-19T18:11:48.587815
51369eef-9436-45df-86a1-ff6c702da92f,AAPL,rush_trader_6578,rush_trader_9607,100.30,46.00,2025-01-19T18:11:48.595306
f8ab35c2-d581-4032-88b7-ef29d6b61339,AAPL,rush_trader_9552,rush_trader_7249,100.37,7.00,2025-01-19T18:11:48.589706
f0132ec6-a43a-45e9-8f55-29482ebd6e10,AAPL,rush_trader_1091,rush_trader_8936,100.67,28.00,2025-01-19T18:11:48.596083
e3d4666d-9aca-41aa-a9ac-0b5ec0af1547,AAPL,rush_trader_1719,rush_trader_6335,100.35,16.00,2025-01-19T18:11:48.593982
6b86767c-8541-4d02-ac53-67c3bdc5a561,AAPL,rush_trader_7820,rush_trader_3843,100.33,15.00,2025-01-19T18:11:48.595060
b586036f-2425-49ce-8d8b-8a1f32ce4fd7,AAPL,rush_trader_7651,rush_trader_9961,100.38,47.00,2025-01-19T18:11:48.593329
64232ab5-ffbe-477e-85ba-ac84afafe025,AAPL,rush_trader_5674,rush_trader_5222,100.67,22.00,2025-01-19T18:11:48.595758
680fd129-b396-477b-889f-5653015c85fa,AAPL,rush_trader_5049,rush_trader_8651,100.42,38.00,2025-01-19T18:11:48.594696
f05fa425-4d0f-4a95-bebc-49bef5fb2d7b,AAPL,rush_trader_1091,rush_trader_8651,100.42,13.00,2025-01-19T18:11:48.595504
324ba161-d420-4394-bf78-5011ea630890,AAPL,rush_trader_2386,rush_trader_4138,100.45,61.00,2025-01-19T18:11:48.592816
4d70195f-e2e4-4a0c-9120-04f65e8d9af1,AAPL,rush_trader_7812,rush_trader_8936,100.55,47.00,2025-01-19T18:11:48.596250
6b6eda7a-0364-4c9b-8f4e-66904c8ebbbf,AAPL,rush_trader_1719,rush_trader_6872,100.35,5.00,2025-01-19T18:11:48.590692
7d488094-dd14-4773-a227-f50feb4dc0a7,AAPL,rush_trader_8699,rush_trader_5696,100.82,25.00,2025-01-19T18:11:48.592147
fc392535-3e37-4c13-80ab-a7c834657850,AAPL,rush_trader_5674,rush_trader_2686,100.78,25.00,2025-01-19T18:11:48.595787
7a41fe3e-7c1a-499b-915d-d426ac0b70fe,AAPL,rush_trader_6578,rush_trader_3843,100.30,12.00,2025-01-19T18:11:48.595087
eb6e8bb5-20ab-4179-9e57-cf4469b9dd27,AAPL,rush_trader_7820,rush_trader_6335,100.33,31.00,2025-01-19T18:11:48.594005
da740318-1cbc-4eb0-95d6-76711f79099c,AAPL,rush_trader_7812,rush_trader_5696,100.82,15.00,2025-01-19T18:11:48.596273
ad1ce510-8fae-4717-931e-b6bf52d92e0d,AAPL,rush_trader_5674,rush_trader_5696,100.82,24.00,2025-01-19T18:11:48.595812
78824a0a-0e9d-444a-8196-8a3c2acd3578,AAPL,rush_trader_1719,rush_trader_9961,100.35,1.00,2025-01-19T18:11:48.593355
b753711d-97ca-4a6d-a04e-c2735b385484,AAPL,rush_trader_7812,rush_trader_3769,100.82,2.00,2025-01-19T18:11:48.596295
b76a4244-d1b6-4640-84e9-f8ea2dbd271e,AAPL,rush_trader_78,rush_trader_3534,100.70,36.00,2025-01-19T18:11:48.703968
e601de17-a943-4628-87c9-6dbd3ece3262,AAPL,rush_trader_30,rush_trader_5944,100.83,6.00,2025-01-19T18:11:48.704093
ce263c83-b009-4839-9a2f-dfc1738da9f3,AAPL,rush_trader_6613,rush_trader_5944,100.83,74.00,2025-01-19T18:11:48.703723
18ae0241-49cf-47c0-8548-07f47dd7510e,AAPL,rush_trader_2867,rush_trader_3769,100.82,7.00,2025-01-19T18:11:48.703537
b6ad4722-7773-4140-a616-b223da830712,AAPL,rush_trader_4710,rush_trader_3769,100.82,23.00,2025-01-19T18:11:48.703426
bf816c2e-7509-4555-b457-79e1b4b7e6de,AAPL,rush_trader_5292,rush_trader_1008,100.83,74.00,2025-01-19T18:11:48.704554
b0f43eaf-07ab-445e-b6ba-d8a9c1518beb,AAPL,rush_trader_2867,rush_trader_5944,100.83,8.00,2025-01-19T18:11:48.703551
a0447149-d695-4c61-8977-1ecf0f8bd3ec,AAPL,rush_trader_78,rush_trader_4282,100.70,12.00,2025-01-19T18:11:48.704323
624abdf8-ac2d-4333-ab76-aca76d29c5d4,AAPL,rush_trader_2891,rush_trader_1899,100.60,62.00,2025-01-19T18:11:48.705273
0a49ee87-26f2-4cf0-afc1-7f197107340d,AAPL,rush_trader_8840,rush_trader_3769,100.82,22.00,2025-01-19T18:11:48.703044
31004a60-ffec-4c89-b619-c614f41443bc,AAPL,rush_trader_78,rush_trader_6722,100.70,48.00,2025-01-19T18:11:48.704840
e1b87079-a570-4a83-a82d-b0accf3c74a1,AAPL,rush_trader_1042,rush_trader_5571,100.56,41.00,2025-01-19T18:11:48.706193
8c05c689-0b5a-4962-9b52-fda0c35a23e5,AAPL,rush_trader_5292,rush_trader_1414,100.84,16.00,2025-01-19T18:11:48.704568
ccc748eb-927e-4b74-b1ec-0a5de66584c5,AAPL,rush_trader_6570,rush_trader_5802,100.84,28.00,2025-01-19T18:11:48.705775
b5c8c6b0-6a03-48b8-921e-2e7424498914,AAPL,rush_trader_4788,rush_trader_5712,100.70,26.00,2025-01-19T18:11:48.705439
0b2c5e82-5382-4d7a-921e-f98ccf21013e,AAPL,rush_trader_30,rush_trader_1008,100.83,5.00,2025-01-19T18:11:48.704107
b73d4422-ba1f-41c0-94bb-45924354f23c,AAPL,rush_trader_9610,rush_trader_6722,100.62,31.00,2025-01-19T18:11:48.704854
0a5a5d7e-6834-453a-ba9d-c325a3b6d3e4,AAPL,rush_trader_3794,rush_trader_5102,100.50,23.00,2025-01-19T18:11:48.706561
496922a0-0efd-4611-a762-9a4a090bdfca,AAPL,rush_trader_8953,rush_trader_9252,100.89,53.00,2025-01-19T18:11:48.707935
5f47b1eb-b73e-437e-9f15-323468b73cea,AAPL,rush_trader_2891,rush_trader_6722,100.60,1.00,2025-01-19T18:11:48.704866
7689485c-6257-4ec7-8c3c-f86b280110e2,AAPL,rush_trader_6219,rush_trader_2170,100.85,7.00,2025-01-19T18:11:48.707772
68b6f967-5df5-4de1-8fb9-471104b3d65c,AAPL,rush_trader_3794,rush_trader_5571,100.50,35.00,2025-01-19T18:11:48.706206
d289c3ae-bbed-40d2-9b5d-fcd8fc82e999,AAPL,rush_trader_1032,rush_trader_2170,100.85,41.00,2025-01-19T18:11:48.706416
8b9f0f2f-e611-466c-8025-0b9159bb714c,AAPL,rush_trader_2891,rush_trader_8468,100.60,35.00,2025-01-19T18:11:48.705550
9081779c-dd3d-4499-b889-6c90f554e388,AAPL,rush_trader_2318,rush_trader_5802,100.84,18.00,2025-01-19T18:11:48.705975
683f73e7-dab7-449b-89d7-e6e3d2e2a8b1,AAPL,rush_trader_3794,rush_trader_7,100.50,25.00,2025-01-19T18:11:48.706715
fc70d72c-d594-4645-9710-8d5c6a325550,AAPL,rush_trader_4788,rush_trader_5802,100.84,29.00,2025-01-19T18:11:48.705452
48ebf14c-ab2c-4504-a582-a9d83c611475,AAPL,rush_trader_2318,rush_trader_2170,100.85,1.00,2025-01-19T18:11:48.705988
223cacb1-6433-45c6-804d-5f336eb34257,AAPL,rush_trader_7465,rush_trader_8695,100.60,47.00,2025-01-19T18:11:48.707119
934ca9d9-da81-484d-8557-d14ed9278b2b,AAPL,rush_trader_8953,rush_trader_2317,100.92,5.00,2025-01-19T18:11:48.707947
da06fdaf-dea2-473c-af8d-11413f677d87,AAPL,rush_trader_6219,rush_trader_6757,100.87,37.00,2025-01-19T18:11:48.707785
3873886d-4989-400e-bd1a-b3b9444c5c5b,AAPL,rush_trader_3794,rush_trader_8695,100.50,1.00,2025-01-19T18:11:48.707132
0f160356-8658-41dd-bbb9-7d270242dfa9,AAPL,rush_trader_1042,rush_trader_8468,100.56,26.00,2025-01-19T18:11:48.705564
9119cbb9-994f-4f04-b02e-38ec9f55604e,AAPL,rush_trader_6219,rush_trader_9252,100.89,24.00,2025-01-19T18:11:48.707798
953d8318-43a5-4a89-a6d3-5348fdb31bb6,AAPL,rush_trader_6017,rush_trader_8695,100.48,49.00,2025-01-19T18:11:48.707149
192972f8-7100-4078-8a37-de02c783098a,AAPL,rush_trader_3646,rush_trader_4878,100.80,74.00,2025-01-19T18:11:48.815961
ee595f8b-0afa-4df3-9712-0f11682d973e,AAPL,rush_trader_4165,rush_trader_2317,100.92,69.00,2025-01-19T18:11:48.815377
1350d945-9e38-4950-8bdd-2758a9653e36,AAPL,rush_trader_9103,rush_trader_4866,100.58,49.00,2025-01-19T18:11:48.817736
3a7ea0b0-1fa8-43fb-86ba-4e0a768aa167,AAPL,rush_trader_2549,rush_trader_8981,100.79,38.00,2025-01-19T18:11:48.817453
b7238f22-873e-477f-953c-20db27ce5935,AAPL,rush_trader_1433,rush_trader_6668,100.80,66.00,2025-01-19T18:11:48.818575
c963beec-dff2-4b90-a61a-1e935db4422a,AAPL,rush_trader_7456,rush_trader_1777,100.94,33.00,2025-01-19T18:11:48.819503
a950468f-6862-445c-809d-6a050e840a27,AAPL,rush_trader_8132,rush_trader_1777,100.94,28.00,2025-01-19T18:11:48.819700
a19ce6cb-1c80-4b70-ad3a-f16d0bbfe675,AAPL,rush_trader_1317,rush_trader_4866,100.56,25.00,2025-01-19T18:11:48.817771
a5dd094f-de56-4e6b-8976-be2d0999f57b,AAPL,rush_trader_9103,rush_trader_8981,100.58,7.00,2025-01-19T18:11:48.817526
a32693cb-d2b0-48ea-8d3d-409297f72a89,AAPL,rush_trader_1317,rush_trader_640,100.56,44.00,2025-01-19T18:11:48.818114
7f28a67d-cdb4-471d-9547-302e4c9e01f4,AAPL,rush_trader_8138,rush_trader_4485,100.77,17.00,2025-01-19T18:11:48.821577
bcb490c8-225f-4e57-9f4f-b105a7a3f038,AAPL,rush_trader_8168,rush_trader_8047,100.95,27.00,2025-01-19T18:11:48.820461
d00a1169-09f8-4ec2-a72d-f249ebbb4811,AAPL,rush_trader_2549,rush_trader_4878,100.79,5.00,2025-01-19T18:11:48.815987
9828f74b-81b3-447c-b84d-939d9709adb7,AAPL,rush_trader_4165,rush_trader_1743,100.92,14.00,2025-01-19T18:11:48.815406
4a76f428-f434-4208-9d62-301c7034b95f,AAPL,rush_trader_1433,rush_trader_1777,100.94,1.00,2025-01-19T18:11:48.818606
37aa01df-e732-4263-a41b-de0d95b1e923,AAPL,rush_trader_6017,rush_trader_640,100.48,3.00,2025-01-19T18:11:48.818143
14b9e1ad-f32f-4b2d-9674-ad9b129e3007,AAPL,rush_trader_9221,rush_trader_6854,100.96,52.00,2025-01-19T18:11:48.822348
dffc9ced-8ede-407c-bff0-68631f4363cf,AAPL,rush_trader_3085,rush_trader_6854,100.96,7.00,2025-01-19T18:11:48.823065
caf8cab3-fa01-4d6b-95b8-457c54c458ec,AAPL,rush_trader_8168,rush_trader_9992,100.95,57.00,2025-01-19T18:11:48.820490
71068352-2234-407d-b546-4f191602fb02,AAPL,rush_trader_6549,rush_trader_8047,100.95,49.00,2025-01-19T18:11:48.820268
f62bcde8-9e44-4fcd-a710-4ade19f201e9,AAPL,rush_trader_4718,rush_trader_4894,100.62,2.00,2025-01-19T18:11:48.824746
7170e8fe-8828-43d5-9ee8-11a5695a2487,AAPL,rush_trader_3085,rush_trader_4745,100.96,27.00,2025-01-19T18:11:48.823091
54367b89-168f-4a6b-8303-1acee7fe71a3,AAPL,rush_trader_5901,rush_trader_3111,100.75,37.00,2025-01-19T18:11:48.822737
1df5cf36-2a8c-4fac-ae5c-cc469f5ebaca,AAPL,rush_trader_6333,rush_trader_7983,100.54,50.00,2025-01-19T18:11:48.826251
9b7946cc-d62f-47d4-86a5-ac9cb6049444,AAPL,rush_trader_4165,rush_trader_1777,100.94,4.00,2025-01-19T18:11:48.815429
f541bdaa-931b-4ee3-a54b-652a86dd5e22,AAPL,rush_trader_7770,rush_trader_9992,100.95,2.00,2025-01-19T18:11:48.821193
9a8e0983-a005-4b29-9726-50012d7f339c,AAPL,rush_trader_6369,rush_trader_7642,100.50,31.00,2025-01-19T18:11:48.825381
773aac0d-c1cd-4a56-98ff-596fcec6fb67,AAPL,rush_trader_333,rush_trader_6842,100.64,74.00,2025-01-19T18:11:48.824340
731f3668-f31c-469e-b9d0-e7fb29b99910,AAPL,rush_trader_5901,rush_trader_4485,100.75,59.00,2025-01-19T18:11:48.821648
b436007e-fe3f-4b8f-9212-f7957e73f61d,AAPL,rush_trader_5527,rush_trader_9716,100.70,13.00,2025-01-19T18:11:48.825145
19176ff2-6119-44a3-a39b-ec6a1e557c10,AAPL,rush_trader_8132,rush_trader_8692,100.94,50.00,2025-01-19T18:11:48.819751
5f1dafb2-f79a-4339-a008-d91c3b518cf8,AAPL,rush_trader_6017,rush_trader_7642,100.48,30.00,2025-01-19T18:11:48.825407
ca89cc67-103e-4851-9d18-06ace3058f8d,AAPL,rush_trader_165,rush_trader_4894,100.55,33.00,2025-01-19T18:11:48.824772
f4d51548-51eb-4f55-b70b-af81d158fbcd,AAPL,rush_trader_165,rush_trader_3111,100.55,41.00,2025-01-19T18:11:48.822761
bc877947-93e7-4434-af98-a2cea70b73b1,AAPL,rush_trader_2490,rush_trader_8450,100.46,40.00,2025-01-19T18:11:48.825899
2d6e0cc5-e640-4830-9f0b-169b0fda144d,AAPL,rush_trader_7770,rush_trader_598,100.96,78.00,2025-01-19T18:11:48.821228
27570c01-1809-4bef-a7e8-ccdf1be4a40b,AAPL,rush_trader_4718,rush_trader_6842,100.62,11.00,2025-01-19T18:11:48.824364
9cdda08a-cd49-4c52-b3ad-1e1f72e81aaf,AAPL,rush_trader_3085,rush_trader_1615,100.97,31.00,2025-01-19T18:11:48.823114
589d2c1c-71d9-4608-a9a2-5fa444bf8d49,AAPL,rush_trader_5527,rush_trader_1223,100.83,16.00,2025-01-19T18:11:48.825169
3b6b8240-d397-4ccc-8ac0-d7aa6dbf14e8,AAPL,rush_trader_4851,rush_trader_8450,100.41,35.00,2025-01-19T18:11:48.825923
6c5867e8-fd1b-43a1-bab3-e47d5b355494,AAPL,rush_trader_8132,rush_trader_8047,100.95,22.00,2025-01-19T18:11:48.819781
ce48f32e-991d-4807-8fbe-03ca2c3ab52f,AAPL,rush_trader_2490,rush_trader_7642,100.46,18.00,2025-01-19T18:11:48.825429
86a142af-c203-4cf4-8a05-ab8bc4f5cb06,AAPL,rush_trader_6369,rush_trader_4894,100.50,43.00,2025-01-19T18:11:48.824795
2b7b1119-1252-4ad6-9f76-eb2d3c35c043,AAPL,rush_trader_3306,rush_trader_8450,100.41,2.00,2025-01-19T18:11:48.825945
8a3ef5bf-2d1a-464b-911c-af81eda622e3,AAPL,rush_trader_6333,rush_trader_3814,100.54,49.00,2025-01-19T18:11:48.936074
9c9e7af9-4922-406b-bfb9-1aa5cf7d8079,AAPL,rush_trader_5278,rush_trader_1223,100.83,61.00,2025-01-19T18:11:48.938024
2b92d1e6-7faa-4ba9-b765-e2f0955f6500,AAPL,rush_trader_1193,rush_trader_4994,100.93,68.00,2025-01-19T18:11:48.938989
fc028b6e-74b7-40d6-8421-567b6ec8fefe,AAPL,rush_trader_13,rush_trader_1223,100.83,2.00,2025-01-19T18:11:48.938744
aecdb919-6204-4db0-9578-3262ddf2d043,AAPL,rush_trader_7464,rush_trader_5994,100.68,12.00,2025-01-19T18:11:48.936445
3cf9ec10-bea7-4fbf-8264-21e81379a359,AAPL,rush_trader_3373,rush_trader_3814,100.44,15.00,2025-01-19T18:11:48.936110
21ea2e69-da0e-4672-b2dc-9d59c529046e,AAPL,rush_trader_2173,rush_trader_3727,100.66,41.00,2025-01-19T18:11:48.939301
f833872b-d936-4965-bac5-016800fcaca8,AAPL,rush_trader_5511,rush_trader_5994,100.68,77.00,2025-01-19T18:11:48.937462
058bb549-2dda-4aec-95cc-c761d8eeacae,AAPL,rush_trader_9727,rush_trader_4994,100.93,2.00,2025-01-19T18:11:48.940171
3c5b8488-914c-4f20-90ec-c266684b51f1,AAPL,rush_trader_3513,rush_trader_149,100.76,32.00,2025-01-19T18:11:48.941653
3783c800-b326-434a-8106-1a3a92da9be3,AAPL,rush_trader_6648,rush_trader_8145,100.75,16.00,2025-01-19T18:11:48.944655
2de4c4f5-88d8-4d87-8162-2d559d03f230,AAPL,rush_trader_13,rush_trader_4994,100.93,8.00,2025-01-19T18:11:48.938767
5fe91da3-c848-410a-89d6-9a8307e370d0,AAPL,rush_trader_5660,rush_trader_9851,100.74,20.00,2025-01-19T18:11:48.943691
49d4dc09-72ff-4ea8-9260-a79d8764d830,AAPL,rush_trader_2173,rush_trader_122,100.66,38.00,2025-01-19T18:11:48.939607
79ea796b-725c-4667-9718-b04873910733,AAPL,rush_trader_1276,rush_trader_6448,100.58,40.00,2025-01-19T18:11:48.942186
ce1501f5-15b9-4f26-b6ba-ba98e2b23034,AAPL,rush_trader_6105,rush_trader_5355,100.97,49.00,2025-01-19T18:11:48.940966
165f8357-a392-48eb-ae2e-ef3d91299222,AAPL,rush_trader_5511,rush_trader_1223,100.83,3.00,2025-01-19T18:11:48.937490
dc1fabb8-348c-4436-90ab-ff14f60f936d,AAPL,rush_trader_4774,rush_trader_6448,100.58,41.00,2025-01-19T18:11:48.943137
88ecfd4c-e745-4648-9a19-a9853f8c8543,AAPL,rush_trader_6983,rush_trader_6448,100.58,19.00,2025-01-19T18:11:48.942680
5ee59089-1648-4c9d-bb63-897c5d792a66,AAPL,rush_trader_712,rush_trader_4120,100.98,20.00,2025-01-19T18:11:48.944110
d69085f4-5ece-43a5-bc6a-8bcdad9cd575,AAPL,rush_trader_3306,rush_trader_3814,100.41,33.00,2025-01-19T18:11:48.936160
eed17028-fe4f-45c3-a659-4f64585ad59c,AAPL,rush_trader_711,rush_trader_122,100.57,39.00,2025-01-19T18:11:48.939630
cb29677c-83e0-4310-b747-66994d869de7,AAPL,rush_trader_4289,rush_trader_8145,100.74,33.00,2025-01-19T18:11:48.944678
444b3064-7430-4103-a9b2-49d862577a4b,AAPL,rush_trader_2716,rush_trader_9851,100.74,24.00,2025-01-19T18:11:48.943408
9b4dcc05-d1a8-4384-bf72-2333244bd65e,AAPL,rush_trader_9727,rush_trader_5355,100.97,38.00,2025-01-19T18:11:48.940206
5c03fd1c-1144-4134-a66e-12fabc02e04e,AAPL,rush_trader_5660,rush_trader_149,100.76,13.00,2025-01-19T18:11:48.943713
8e4f160c-27b3-41dc-9fff-afa1d2da9773,AAPL,rush_trader_4774,rush_trader_9851,100.74,11.00,2025-01-19T18:11:48.943162
4113d997-151c-4734-aaf0-14591b4caa66,AAPL,rush_trader_6105,rush_trader_1615,100.97,19.00,2025-01-19T18:11:48.940998
0bd1462f-ffee-4499-807a-de95281a2d05,AAPL,rush_trader_712,rush_trader_820,100.98,38.00,2025-01-19T18:11:48.944135
50555464-b3c3-4cff-b22e-580d7837873e,AAPL,rush_trader_5660,rush_trader_1615,100.97,3.00,2025-01-19T18:11:48.943735
b23dd5a3-bf5f-46b3-b155-908cfaba565f,AAPL,rush_trader_5660,rush_trader_4120,100.98,19.00,2025-01-19T18:11:48.943758
56359480-b0a0-4d1f-8762-832a261ca61f,AAPL,rush_trader_2069,rush_trader_8362,100.57,51.00,2025-01-19T18:11:49.054558
8f236b71-1880-48ba-965e-7845f58afcd1,AAPL,rush_trader_4047,rush_trader_2000,100.99,19.00,2025-01-19T18:11:49.056143
a3391cc7-bb80-4191-95ea-e399fcb30903,AAPL,rush_trader_1233,rush_trader_8067,100.99,12.00,2025-01-19T18:11:49.056713
5a0f2029-e7fc-4351-b8a0-4674fe793d1a,AAPL,rush_trader_711,rush_trader_8410,100.57,17.00,2025-01-19T18:11:49.054774
71a48f12-769a-4f37-aa9d-a1458587ea5a,AAPL,rush_trader_2069,rush_trader_820,100.98,9.00,2025-01-19T18:11:49.054597
91927559-034d-4ea1-8e4b-a3acefb3e0c4,AAPL,rush_trader_7623,rush_trader_3685,101.00,34.00,2025-01-19T18:11:49.057670
265bad11-19ca-4677-ab41-2e687b2012e5,AAPL,rush_trader_4657,rush_trader_2000,100.99,55.00,2025-01-19T18:11:49.055764
7c495bda-b2a6-47e3-bd64-da1c46199aae,AAPL,rush_trader_7777,rush_trader_820,100.98,22.00,2025-01-19T18:11:49.055158
4d0f9c22-ade0-4cd9-8798-6c76722a4a7e,AAPL,rush_trader_4289,rush_trader_8362,100.74,17.00,2025-01-19T18:11:49.054386
40c4bd12-efce-4950-a48c-5eeb8d24120a,AAPL,rush_trader_668,rush_trader_839,100.73,51.00,2025-01-19T18:11:49.059953
95ff4cc9-9774-4221-bad6-266fb1228260,AAPL,rush_trader_1233,rush_trader_3685,101.00,16.00,2025-01-19T18:11:49.056742
a8c8bd72-3a13-4155-8b7b-eb042d95f3b5,AAPL,rush_trader_4675,rush_trader_2000,100.99,16.00,2025-01-19T18:11:49.056425
86dfe8a0-7a9d-405a-bc67-1b5c50ca071b,AAPL,rush_trader_3369,rush_trader_8410,100.53,1.00,2025-01-19T18:11:49.054807
10394b99-7239-4a96-abde-53e55056ae9e,AAPL,rush_trader_7777,rush_trader_3887,100.98,17.00,2025-01-19T18:11:49.055190
928085d4-5470-44fa-aa9b-9b69cbe54ebd,AAPL,rush_trader_3351,rush_trader_2963,100.78,64.00,2025-01-19T18:11:49.059303
764fd1d7-7aef-47df-9b62-5d11ae12c89d,AAPL,rush_trader_264,rush_trader_2943,100.62,35.00,2025-01-19T18:11:49.061503
6a821851-60e8-4a59-8e33-65c8d636b440,AAPL,rush_trader_3075,rush_trader_4616,100.60,20.00,2025-01-19T18:11:49.062465
a62cc90d-a460-4ff8-a160-23d04bc73f40,AAPL,rush_trader_7777,rush_trader_3760,100.98,21.00,2025-01-19T18:11:49.055222
9b446a46-3658-4d63-bb1f-6f34b9178d6d,AAPL,rush_trader_7623,rush_trader_9067,101.00,18.00,2025-01-19T18:11:49.057700
b1d4729f-683a-4c31-90ce-b387a332e637,AAPL,rush_trader_264,rush_trader_4616,101.00,58.00,2025-01-19T18:11:49.061748
6096fe64-e802-4ee2-89a9-bf6a856c2850,AAPL,rush_trader_2163,rush_trader_839,100.64,27.00,2025-01-19T18:11:49.059984
4689e70e-dd9f-430a-9e45-76187eb8803d,AAPL,rush_trader_9967,rush_trader_2963,100.78,20.00,2025-01-19T18:11:49.060243
64abf278-e84e-4bb5-a084-41e6eb471c97,AAPL,rush_trader_3075,rush_trader_4901,100.84,14.00,2025-01-19T18:11:49.063300
e8a93392-fd29-4456-b2a4-ce98bdb0c667,AAPL,rush_trader_5734,rush_trader_7522,101.02,26.00,2025-01-19T18:11:49.063934
0cbd518a-4008-4a29-b93f-eb02a86a947e,AAPL,rush_trader_7959,rush_trader_1382,100.53,56.00,2025-01-19T18:11:49.060834
3c912255-28dd-4263-8835-569c1a2b12a7,AAPL,rush_trader_7777,rush_trader_3716,100.98,11.00,2025-01-19T18:11:49.055251
4eec2ece-41b7-4990-9b61-e4586f101e29,AAPL,rush_trader_7726,rush_trader_1863,101.01,42.00,2025-01-19T18:11:49.058428
0c41e1f7-c340-4702-83e2-4b139fd67905,AAPL,rush_trader_1043,rush_trader_5587,100.86,10.00,2025-01-19T18:11:49.063521
e41ba362-8667-4112-b1f3-75b670179cc3,AAPL,rush_trader_8899,rush_trader_5587,100.86,25.00,2025-01-19T18:11:49.063108
b8f87dfa-0795-4ae4-895d-e193594f3b4b,AAPL,rush_trader_3075,rush_trader_4906,100.84,13.00,2025-01-19T18:11:49.065425
6b38c554-3a6b-404b-94b8-994b54d3f574,AAPL,rush_trader_4437,rush_trader_5587,100.86,41.00,2025-01-19T18:11:49.063693
3154d8db-6a2c-4e61-960e-1ee51502ea71,AAPL,rush_trader_2487,rush_trader_5152,101.03,58.00,2025-01-19T18:11:49.065616
e5631aac-9bce-4e5b-9bb7-c4a49d127c5e,AAPL,rush_trader_7623,rush_trader_9862,101.01,14.00,2025-01-19T18:11:49.057748
477686d4-da8c-43ad-acbd-5322c3d1bff8,AAPL,rush_trader_7726,rush_trader_7522,101.02,16.00,2025-01-19T18:11:49.058456
92f81075-deb8-4813-974e-18fb361705f6,AAPL,rush_trader_426,rush_trader_7522,101.02,15.00,2025-01-19T18:11:49.064821
85600522-54f2-4156-8368-58c447e5f57c,AAPL,rush_trader_7777,rush_trader_2000,100.99,9.00,2025-01-19T18:11:49.055280
e3531377-eed8-4a62-9700-d0357e5d6373,AAPL,rush_trader_4437,rush_trader_7522,101.02,32.00,2025-01-19T18:11:49.063720
5be0fc09-e091-48c8-b28e-9fbf83b5f389,AAPL,rush_trader_4675,rush_trader_6302,100.99,10.00,2025-01-19T18:11:49.056457
110f19c5-3256-4b2e-ae51-c2d95c032f4d,AAPL,rush_trader_9967,rush_trader_4997,100.98,17.00,2025-01-19T18:11:49.060269
1b5c0e1e-6ec1-4d0f-a5a6-ea7ff00d6200,AAPL,rush_trader_7623,rush_trader_1863,101.01,33.00,2025-01-19T18:11:49.057778
a240ec77-76f0-4688-b37e-c6bec3ff92a3,AAPL,rush_trader_426,rush_trader_5152,101.03,9.00,2025-01-19T18:11:49.064849
b39d6b16-83f4-4b84-8f11-7d4ae8122455,AAPL,rush_trader_9967,rush_trader_7522,101.02,7.00,2025-01-19T18:11:49.060292
33176d3d-0827-4473-ab36-65b81e534729,AAPL,rush_trader_4675,rush_trader_8067,100.99,3.00,2025-01-19T18:11:49.056489
75fed501-e71c-40a8-9ae8-a833f9d0eb27,AAPL,rush_trader_9688,rush_trader_5724,100.65,31.00,2025-01-19T18:11:49.176063
05e02e84-5d68-4c44-bdc6-3e65841aad61,AAPL,rush_trader_8280,rush_trader_2704,100.79,29.00,2025-01-19T18:11:49.175292
9a464946-afaf-4097-9370-f886c0087dc0,AAPL,rush_trader_1553,rush_trader_2318,100.80,61.00,2025-01-19T18:11:49.176478
2cb1c780-bb9b-4ba3-9944-443a12cf6d91,AAPL,rush_trader_1553,rush_trader_3594,100.90,12.00,2025-01-19T18:11:49.176500
8dcdb01b-c9fe-4462-bcbc-8b61a24f601e,AAPL,rush_trader_8280,rush_trader_1827,100.79,6.00,2025-01-19T18:11:49.175763
f16ff100-5770-4b7e-ae79-5ef08fd0e227,AAPL,rush_trader_4333,rush_trader_2318,100.80,11.00,2025-01-19T18:11:49.175089
11a66d19-20fe-4baa-acde-048c268d21e7,AAPL,rush_trader_3075,rush_trader_3493,100.84,29.00,2025-01-19T18:11:49.174294
bf2f6bcc-6942-42fd-8b39-d83049f8b100,AAPL,rush_trader_5951,rush_trader_5152,101.03,21.00,2025-01-19T18:11:49.174037
b5aee1af-3a0c-4579-afa2-215e733ab327,AAPL,rush_trader_7959,rush_trader_4833,100.53,38.00,2025-01-19T18:11:49.177076
f063f8ac-acac-4970-a67a-7d7a0b286acd,AAPL,rush_trader_3342,rush_trader_5724,100.62,12.00,2025-01-19T18:11:49.176089
1eaaf663-1c87-4fa1-b33b-d241fb8dfc37,AAPL,rush_trader_8280,rush_trader_3493,100.79,24.00,2025-01-19T18:11:49.174322
25eb01a0-e384-44f5-a4fa-34b73089b074,AAPL,rush_trader_9934,rush_trader_5724,100.61,32.00,2025-01-19T18:11:49.176113
3d8dc7c1-e61a-4275-9099-18d0f491801e,AAPL,rush_trader_7999,rush_trader_1827,100.69,19.00,2025-01-19T18:11:49.175792
69a5199b-a5ef-4b1f-95b1-7543829db3dc,AAPL,rush_trader_5951,rush_trader_6613,101.03,19.00,2025-01-19T18:11:49.174076
0837bbfe-b5b7-4b3f-95ed-1d29bd2fc1f5,AAPL,rush_trader_8192,rush_trader_3594,100.90,28.00,2025-01-19T18:11:49.178984
2d1ca0ea-843d-4e24-ae57-a05bcb20799a,AAPL,rush_trader_8280,rush_trader_574,100.79,22.00,2025-01-19T18:11:49.175456
08fe3c9f-75ee-4ea4-9b6a-2e7cb0a6e940,AAPL,rush_trader_3369,rush_trader_3265,100.53,22.00,2025-01-19T18:11:49.177338
9760755c-fd9a-4e99-b6dd-e0171cebfbf9,AAPL,rush_trader_9869,rush_trader_6674,100.49,62.00,2025-01-19T18:11:49.178554
a08a766c-f3a7-49dc-9874-a04fb6184e79,AAPL,rush_trader_3369,rush_trader_6630,100.53,19.00,2025-01-19T18:11:49.177782
16b6d0a7-905d-4f97-a682-829409bc0062,AAPL,rush_trader_490,rush_trader_9440,100.58,20.00,2025-01-19T18:11:49.178371
608b0d61-5f3b-44cc-b727-415f5188957e,AAPL,rush_trader_3369,rush_trader_4833,100.53,51.00,2025-01-19T18:11:49.177099
a73d8a80-72df-4b10-ac92-c7b63add39c1,AAPL,rush_trader_4324,rush_trader_9440,100.58,26.00,2025-01-19T18:11:49.178760
a12d9fe5-aef2-49ed-916b-9723a557d45e,AAPL,rush_trader_271,rush_trader_6613,101.03,42.00,2025-01-19T18:11:49.179318
5beb5262-be9b-47e1-bf3f-1aeaf3a629c9,AAPL,rush_trader_8084,rush_trader_9916,100.84,17.00,2025-01-19T18:11:49.179969
3ac3c92f-0baf-4712-b7b6-223d159a6601,AAPL,rush_trader_9723,rush_trader_9548,101.04,83.00,2025-01-19T18:11:49.179792
7ab81da7-58a6-418e-95dd-9a115fa1effb,AAPL,rush_trader_5095,rush_trader_1588,101.04,12.00,2025-01-19T18:11:49.179699
bad94a19-bd92-493b-a753-eed437187ab7,AAPL,rush_trader_7921,rush_trader_2392,101.04,62.00,2025-01-19T18:11:49.180434
38511c8b-951a-4044-b595-f36be25d98cc,AAPL,rush_trader_3364,rush_trader_5285,100.52,36.00,2025-01-19T18:11:49.178172
22e02dee-56ba-4cc1-a74c-816cd91c9951,AAPL,rush_trader_3364,rush_trader_6630,100.52,27.00,2025-01-19T18:11:49.177804
9d962996-f3b2-4a8a-84d6-16efb4aa4cfb,AAPL,rush_trader_5095,rush_trader_9548,101.04,17.00,2025-01-19T18:11:49.179710
0b69f8c2-8064-44cb-82d1-41ab91aac49b,AAPL,rush_trader_9964,rush_trader_7875,101.01,17.00,2025-01-19T18:11:49.180322
1730e307-3c31-44a2-b6a7-cf1e10705657,AAPL,rush_trader_9964,rush_trader_9753,100.81,27.00,2025-01-19T18:11:49.180161
40b723f9-d74d-4ecb-8879-8cbee105cc01,AAPL,rush_trader_9547,rush_trader_6272,101.03,30.00,2025-01-19T18:11:49.179458
44c2513c-f5c7-4def-ba43-4afb267062c8,AAPL,rush_trader_2329,rush_trader_4372,100.92,5.00,2025-01-19T18:11:49.179159
4d75bd29-8cd8-4d68-b952-e9c4bd6d9a27,AAPL,rush_trader_9964,rush_trader_7405,101.01,11.00,2025-01-19T18:11:49.180588
c5f1f6fe-4007-4516-b716-ca0a392da9f0,AAPL,rush_trader_9547,rush_trader_1588,101.04,37.00,2025-01-19T18:11:49.179470
ae796d2f-6c82-4a1c-92c6-eb76b6bddd6f,AAPL,rush_trader_8192,rush_trader_4372,100.92,12.00,2025-01-19T18:11:49.178996
dc0668ac-9d97-409a-a5da-8dd50540a2c1,AAPL,rush_trader_4324,rush_trader_8468,100.77,32.00,2025-01-19T18:11:49.180814
de2c62c8-c146-432c-a68d-985f3a6a6061,AAPL,rush_trader_4828,rush_trader_7405,100.91,29.00,2025-01-19T18:11:49.180941
ae4095a5-13bd-414b-9bf1-24288353c2eb,AAPL,rush_trader_9723,rush_trader_2392,101.04,2.00,2025-01-19T18:11:49.179803
6d62f6f8-a782-4983-93a6-a19679c9de9b,AAPL,rush_trader_271,rush_trader_6272,101.03,57.00,2025-01-19T18:11:49.179329
29d7d5c7-39b9-4879-983d-74fb48c8e4e3,AAPL,rush_trader_8084,rush_trader_9753,100.84,25.00,2025-01-19T18:11:49.180082
74a15641-829e-4f5e-a5cc-973a8f621c20,AAPL,rush_trader_9688,rush_trader_1827,100.65,23.00,2025-01-19T18:11:49.175816
32775391-8c41-476f-8377-777a085415c1,AAPL,rush_trader_4828,rush_trader_2392,101.04,2.00,2025-01-19T18:11:49.180953
f50b0eb2-e8bd-43a0-abde-cd4127039009,AAPL,rush_trader_2329,rush_trader_6613,101.03,30.00,2025-01-19T18:11:49.179171
553d7032-8490-4609-b1ef-0fd247245ea9,AAPL,rush_trader_3584,rush_trader_5285,100.50,34.00,2025-01-19T18:11:49.178233
a26e73e7-6392-4bb4-86ee-21dee376a352,AAPL,rush_trader_9869,rush_trader_5285,100.49,17.00,2025-01-19T18:11:49.178252
d6b5a911-b504-4f74-b23a-f99d36d76f1a,AAPL,rush_trader_3758,rush_trader_2392,101.04,23.00,2025-01-19T18:11:49.286780
e6ecd2d9-f325-4684-be35-a77df8589346,AAPL,rush_trader_989,rush_trader_4736,100.67,56.00,2025-01-19T18:11:49.286635
b0833a9d-3dff-48fb-b042-b004b2efe326,AAPL,rush_trader_9050,rush_trader_4736,100.75,39.00,2025-01-19T18:11:49.286432
7569b3c4-d536-4403-8e7d-a049cce93931,AAPL,rush_trader_9950,rush_trader_875,100.88,40.00,2025-01-19T18:11:49.287062
032ce430-e976-4cb3-b55a-e801993f5df2,AAPL,rush_trader_1052,rush_trader_3463,100.88,59.00,2025-01-19T18:11:49.287289
ee8994c4-9474-4875-8654-96ef82bb1a84,AAPL,rush_trader_3529,rush_trader_875,100.88,43.00,2025-01-19T18:11:49.287398
11cf3cc9-d2ef-4c22-8d80-e90a4308519a,AAPL,rush_trader_989,rush_trader_1947,100.76,17.00,2025-01-19T18:11:49.286646
3a93ec90-39f5-4f30-81e8-c464973b804b,AAPL,rush_trader_8399,rush_trader_6933,100.69,19.00,2025-01-19T18:11:49.287938
8599b03e-70ec-46ca-ba39-669e6327e77d,AAPL,rush_trader_3758,rush_trader_9513,101.05,53.00,2025-01-19T18:11:49.286794
43a9a468-1720-406d-a164-53c823a3f53f,AAPL,rush_trader_2528,rush_trader_3679,100.92,29.00,2025-01-19T18:11:49.288844
98cda3dc-3ba0-4a02-b9af-3d9f4c078d97,AAPL,rush_trader_8399,rush_trader_9528,100.69,20.00,2025-01-19T18:11:49.287795
56e934f9-31da-4ac3-8f91-c9b18e1eb693,AAPL,rush_trader_3370,rush_trader_2771,100.79,20.00,2025-01-19T18:11:49.288019
18ceba09-9245-4f1b-bec4-b49d646f764f,AAPL,rush_trader_8579,rush_trader_9513,101.05,34.00,2025-01-19T18:11:49.288105
1f9f36ca-ceec-4855-90eb-045807877fad,AAPL,rush_trader_9823,rush_trader_3919,101.06,28.00,2025-01-19T18:11:49.288698
caec303a-4df6-44dd-9938-eaf17dce06b0,AAPL,rush_trader_989,rush_trader_3463,100.82,1.00,2025-01-19T18:11:49.287301
a0d15613-8051-481e-84ba-01e98bb23546,AAPL,rush_trader_3384,rush_trader_4026,101.10,37.00,2025-01-19T18:11:49.289561
5b2e15fe-558a-4271-a3da-108c7e1b9d57,AAPL,rush_trader_2179,rush_trader_714,101.07,8.00,2025-01-19T18:11:49.289755
6fb078d9-73fc-42e1-9423-9c8b3a256e2b,AAPL,rush_trader_2528,rush_trader_7824,100.92,30.00,2025-01-19T18:11:49.288323
33673b3b-2afa-49ca-9c79-2e678169ed22,AAPL,rush_trader_7531,rush_trader_9612,100.92,59.00,2025-01-19T18:11:49.288957
9da3ebf4-12f6-43a7-9917-c277ac743199,AAPL,rush_trader_3370,rush_trader_875,100.88,16.00,2025-01-19T18:11:49.288029
689f86c9-3bbd-4db2-b050-dc7e4c6bccd0,AAPL,rush_trader_7531,rush_trader_714,100.92,15.00,2025-01-19T18:11:49.289765
5b1ea125-3a4a-4db2-8475-d1ed16883ba9,AAPL,rush_trader_2179,rush_trader_3679,100.92,6.00,2025-01-19T18:11:49.289232
e35308f4-3201-4374-9b44-81840f0d8666,AAPL,rush_trader_8579,rush_trader_3919,101.06,27.00,2025-01-19T18:11:49.288116
e96b58ea-21c6-4179-853e-67f7ee2861d6,AAPL,rush_trader_7531,rush_trader_9161,100.92,20.00,2025-01-19T18:11:49.289048
42cfa8b8-0c4d-40e0-8bb0-c27d2f51d26e,AAPL,rush_trader_2243,rush_trader_9372,100.91,1.00,2025-01-19T18:11:49.290127
0112851d-e2ca-4f68-8f8f-72e606c400bc,AAPL,rush_trader_6997,rush_trader_3463,100.73,25.00,2025-01-19T18:11:49.287312
98121f99-1999-44df-899b-274d35487d45,AAPL,rush_trader_3152,rush_trader_4026,101.10,34.00,2025-01-19T18:11:49.289848
e544c444-a51d-4955-9faf-3629c6963733,AAPL,rush_trader_916,rush_trader_9372,100.74,7.00,2025-01-19T18:11:49.290248
09980878-094c-4558-bc47-2786f2fbc0c2,AAPL,rush_trader_8399,rush_trader_3463,100.69,15.00,2025-01-19T18:11:49.287323
af087d40-09bf-4e9a-853a-f70ae20a942b,AAPL,rush_trader_4447,rush_trader_4283,101.10,35.00,2025-01-19T18:11:49.290506
74063c38-bcf6-4e5a-9550-bd9ae08ee18e,AAPL,rush_trader_7639,rush_trader_9372,100.89,25.00,2025-01-19T18:11:49.290138
95160890-3618-4435-9c3f-1ef3bc7d1079,AAPL,rush_trader_2179,rush_trader_8535,101.07,61.00,2025-01-19T18:11:49.289685
194da23b-11dd-481a-b67d-c4e3bc10cd21,AAPL,rush_trader_2243,rush_trader_714,100.91,35.00,2025-01-19T18:11:49.289776
50c69b24-f9b8-4760-b4bd-b23430e16e0d,AAPL,rush_trader_4447,rush_trader_7502,101.10,5.00,2025-01-19T18:11:49.290517
cd8e9136-e2a3-4dbe-9a15-69e3caf2fe83,AAPL,rush_trader_9823,rush_trader_8860,101.07,27.00,2025-01-19T18:11:49.288709
f42743b2-8324-459e-b6c6-6e6f8aa10107,AAPL,rush_trader_3152,rush_trader_4283,101.10,16.00,2025-01-19T18:11:49.289860
14857561-2b69-4d9f-a6f0-9d8e0db5d64e,AAPL,rush_trader_3370,rush_trader_9372,100.88,15.00,2025-01-19T18:11:49.290148
379fe4f6-351d-4d1d-a539-8c1d3ac085fa,AAPL,rush_trader_9823,rush_trader_4026,101.10,7.00,2025-01-19T18:11:49.288720
4ae0a880-fe55-42b5-bb54-7af06ef3a4b3,AAPL,rush_trader_8562,rush_trader_9372,100.79,10.00,2025-01-19T18:11:49.290158
02ce1cf1-61b9-4684-acfc-704bd2cf801f,AAPL,rush_trader_3267,rush_trader_9650,100.87,18.00,2025-01-19T18:11:49.396592
297890aa-9b58-43c2-be04-877f8129a8eb,AAPL,rush_trader_916,rush_trader_5049,100.90,23.00,2025-01-19T18:11:49.395997
b0615b64-be1d-483d-9d5c-75188f8be77a,AAPL,rush_trader_916,rush_trader_3802,100.90,8.00,2025-01-19T18:11:49.396469
a8b38890-7b33-4047-a493-94026ec6e8d0,AAPL,rush_trader_8518,rush_trader_7502,101.10,79.00,2025-01-19T18:11:49.396128
55db4a72-c7d9-4acf-921c-0e131a8fb27e,AAPL,rush_trader_6712,rush_trader_9298,100.81,16.00,2025-01-19T18:11:49.396929
a23e0ab7-aa37-45f9-8e5d-fd5f2c7e0c8f,AAPL,rush_trader_3267,rush_trader_1958,100.87,4.00,2025-01-19T18:11:49.396719
768da84d-e4f1-4558-b993-3469e61e3439,AAPL,rush_trader_9867,rush_trader_193,101.10,40.00,2025-01-19T18:11:49.397306
4a76e39e-efd6-462a-99da-761e10119ff9,AAPL,rush_trader_30,rush_trader_2288,101.00,11.00,2025-01-19T18:11:49.397147
44ab9781-08bb-4f38-b2a3-e03aadd0c38a,AAPL,rush_trader_6762,rush_trader_2267,101.01,33.00,2025-01-19T18:11:49.397423
8c1a8673-a826-4b02-ada5-b05cc9008f21,AAPL,rush_trader_6031,rush_trader_2288,101.00,46.00,2025-01-19T18:11:49.397001
b37e7c69-1dab-4d8d-898d-e46006c69b5e,AAPL,rush_trader_3331,rush_trader_2267,101.01,27.00,2025-01-19T18:11:49.397700
61609071-ce01-436b-a25e-5a7cd19abbc7,AAPL,rush_trader_6712,rush_trader_649,100.81,24.00,2025-01-19T18:11:49.396797
bdcc0a6d-e349-47da-ac4f-820d7da45edd,AAPL,rush_trader_9767,rush_trader_1300,100.98,14.00,2025-01-19T18:11:49.398467
f49a6cb3-1ee3-4f58-9b2e-e02c76e90825,AAPL,rush_trader_2299,rush_trader_3802,100.90,49.00,2025-01-19T18:11:49.396506
67095311-03d8-4d4d-8cad-8f7bab0e1083,AAPL,rush_trader_5303,rush_trader_2694,100.95,24.00,2025-01-19T18:11:49.398685
803b00b1-be1f-484b-97b5-5672416b0e49,AAPL,rush_trader_1022,rush_trader_2267,101.01,23.00,2025-01-19T18:11:49.397959
12a54378-514a-45ee-ac57-d93f5b91f546,AAPL,rush_trader_6477,rush_trader_8526,101.11,35.00,2025-01-19T18:11:49.398579
e1ebf530-d4bc-4b93-9050-3aa0273a5f9a,AAPL,rush_trader_4092,rush_trader_9644,101.14,15.00,2025-01-19T18:11:49.398941
5d1b6632-c018-46a8-8549-ba3dc02f6fd4,AAPL,rush_trader_2184,rush_trader_1074,100.76,27.00,2025-01-19T18:11:49.397518
693222a3-63b2-4aa0-a472-084672cd9376,AAPL,rush_trader_30,rush_trader_7502,101.10,16.00,2025-01-19T18:11:49.397157
3a925ccc-1610-4074-94c8-403090b8e2d6,AAPL,rush_trader_2184,rush_trader_9298,100.76,7.00,2025-01-19T18:11:49.396941
60d0a10d-ba81-4c63-b2f1-1368c5530525,AAPL,rush_trader_5303,rush_trader_7599,100.95,3.00,2025-01-19T18:11:49.399093
7d140979-8bcd-4fa0-ad90-059cb9eb3ad4,AAPL,rush_trader_3267,rush_trader_3802,100.87,36.00,2025-01-19T18:11:49.396516
4781ae0f-04ff-495d-9fab-92052216aac5,AAPL,rush_trader_6477,rush_trader_6481,101.12,56.00,2025-01-19T18:11:49.398590
9d56b386-954c-4cca-bb03-37879e095b80,AAPL,rush_trader_3782,rush_trader_1300,100.98,70.00,2025-01-19T18:11:49.398352
c34fa3a0-6184-4804-8d76-18619a1915db,AAPL,rush_trader_5276,rush_trader_9963,101.14,46.00,2025-01-19T18:11:49.399941
391786f7-3ecc-4886-a634-80b6a04daa48,AAPL,rush_trader_2184,rush_trader_4579,100.76,14.00,2025-01-19T18:11:49.399467
ee509623-7ab6-4e6b-844d-cb19fe5fac62,AAPL,rush_trader_5303,rush_trader_4423,100.95,48.00,2025-01-19T18:11:49.398196
cda133e9-8b32-4b49-90ea-2d32d470d02b,AAPL,rush_trader_6712,rush_trader_1958,100.81,54.00,2025-01-19T18:11:49.396730
15393cf6-84db-4699-b8e3-477fe8571118,AAPL,rush_trader_5511,rush_trader_7599,100.91,21.00,2025-01-19T18:11:49.399104
7057e0d1-553a-47fd-8be3-7b13a3356e1a,AAPL,rush_trader_2184,rush_trader_3967,100.76,44.00,2025-01-19T18:11:49.399238
a761cb6e-9884-4436-851f-7c4c7296a141,AAPL,rush_trader_6002,rush_trader_6481,101.12,32.00,2025-01-19T18:11:49.398785
ce72637d-5d0e-4398-933c-60af3bf6453d,AAPL,rush_trader_4092,rush_trader_7208,101.14,24.00,2025-01-19T18:11:49.398952
440ad57b-c3f5-44c3-9bbd-3ba5a96f10e7,AAPL,rush_trader_1022,rush_trader_193,101.10,3.00,2025-01-19T18:11:49.397970
b520443c-611b-4bbe-a1c8-139295372416,AAPL,rush_trader_3428,rush_trader_7599,100.79,15.00,2025-01-19T18:11:49.399700
afee6a1e-cddc-4232-9b05-79748a1275f1,AAPL,rush_trader_8286,rush_trader_7208,101.14,46.00,2025-01-19T18:11:49.399772
9aad496a-3139-497f-b3a3-d2cbbb8f3792,AAPL,rush_trader_6002,rush_trader_1309,101.14,12.00,2025-01-19T18:11:49.398795
1f461d9b-f702-445e-bd1c-c7f8d2882fcf,AAPL,rush_trader_1022,rush_trader_7952,101.10,14.00,2025-01-19T18:11:49.397979
5bfb6f8f-3732-411d-912a-7d3bf7496c33,AAPL,rush_trader_30,rush_trader_193,101.10,19.00,2025-01-19T18:11:49.397166
b2d1bc11-e830-4494-bc05-77316da9007e,AAPL,rush_trader_8399,rush_trader_4579,100.69,27.00,2025-01-19T18:11:49.399479
96f8d3aa-a10f-4fa1-8d0f-d7c7f9027795,AAPL,rush_trader_2334,rush_trader_7599,100.90,23.00,2025-01-19T18:11:49.399114
aa2fa7e8-9651-4a70-9d51-6af947ce6217,AAPL,rush_trader_1022,rush_trader_8526,101.11,39.00,2025-01-19T18:11:49.397989
9072491f-fe38-4cfd-81d6-02cd8eb10a7b,AAPL,rush_trader_8286,rush_trader_9963,101.14,12.00,2025-01-19T18:11:49.399783
a738d713-f780-41df-ab0b-a6006d1a947f,AAPL,rush_trader_6002,rush_trader_9644,101.14,3.00,2025-01-19T18:11:49.398805
aaeada5b-1f39-49b2-8489-64c4817b1c68,AAPL,rush_trader_7508,rush_trader_9963,101.14,22.00,2025-01-19T18:11:49.507013
49d364e7-9a9d-48fe-a4c6-6508e58c3666,AAPL,rush_trader_3428,rush_trader_6085,101.03,17.00,2025-01-19T18:11:49.507905
a99c87c8-0ace-41c9-af8d-c8a00d0ec3eb,AAPL,rush_trader_7790,rush_trader_9324,101.15,14.00,2025-01-19T18:11:49.507494
6d87618d-f65b-4870-be6d-f0d0de8f4b33,AAPL,rush_trader_1744,rush_trader_8499,101.15,16.00,2025-01-19T18:11:49.507801
5c4db4c3-7263-46fd-ab6e-303b0bfc83ba,AAPL,rush_trader_5549,rush_trader_9324,101.15,5.00,2025-01-19T18:11:49.507705
0f01cf98-7f60-4b97-810b-0a0c1cf31322,AAPL,rush_trader_4650,rush_trader_7804,101.16,18.00,2025-01-19T18:11:49.508121
5e68c039-deb6-45a0-8266-11202ab50f5f,AAPL,rush_trader_2507,rush_trader_5849,100.96,73.00,2025-01-19T18:11:49.508311
fab59bd9-9770-4d90-9b0b-0956f7bab636,AAPL,rush_trader_3428,rush_trader_6291,101.03,34.00,2025-01-19T18:11:49.506916
3d71186c-8915-4300-ba9a-95445bc90c17,AAPL,rush_trader_7318,rush_trader_3962,101.03,39.00,2025-01-19T18:11:49.507400
83ab92fc-5c24-48c6-a715-a9c9b0eee72c,AAPL,rush_trader_7319,rush_trader_4313,101.11,31.00,2025-01-19T18:11:49.508484
f45d3770-c1e7-4dcc-a64a-48fc51366395,AAPL,rush_trader_7508,rush_trader_9324,101.15,30.00,2025-01-19T18:11:49.507027
a4656d40-3869-49db-b706-befdf7b0c216,AAPL,rush_trader_7319,rush_trader_5849,100.96,16.00,2025-01-19T18:11:49.508389
6585fc0f-9144-4ae0-8c13-e3775ad2018f,AAPL,rush_trader_1744,rush_trader_1395,101.15,40.00,2025-01-19T18:11:49.507812
ba07d32f-3307-4843-9d5e-9681b46cf267,AAPL,rush_trader_5549,rush_trader_8499,101.15,46.00,2025-01-19T18:11:49.507717
c27e9253-b31e-4f05-8258-9a023596c908,AAPL,rush_trader_5379,rush_trader_7804,101.16,10.00,2025-01-19T18:11:49.508694
2826985c-19c1-4c73-b2fe-917cac3d194c,AAPL,rush_trader_5370,rush_trader_8843,101.16,17.00,2025-01-19T18:11:49.509013
ca7286ce-f23e-4af6-bafe-5c43b0feb73f,AAPL,rush_trader_2405,rush_trader_6085,100.87,51.00,2025-01-19T18:11:49.507916
660397a3-53e9-45da-939b-4fc42f9caf93,AAPL,rush_trader_3428,rush_trader_3962,101.03,6.00,2025-01-19T18:11:49.507412
b2f0ef85-9e9e-451c-8a2c-665f7bb23eb6,AAPL,rush_trader_1970,rush_trader_204,101.20,73.00,2025-01-19T18:11:49.510039
e2af5293-ce15-4d66-9d69-731651f13456,AAPL,rush_trader_210,rush_trader_2393,101.18,44.00,2025-01-19T18:11:49.509228
880a5886-2b8b-42ef-bd70-7e0828a33b6e,AAPL,rush_trader_7601,rush_trader_2396,101.20,10.00,2025-01-19T18:11:49.509904
ccf73b0e-bd46-489d-a972-5e7678b5f0f7,AAPL,rush_trader_6740,rush_trader_2393,101.18,5.00,2025-01-19T18:11:49.509368
7508b9c1-285d-4c79-98bd-6bc5d94396a8,AAPL,rush_trader_6940,rush_trader_3957,101.19,15.00,2025-01-19T18:11:49.509559
b7ebc940-37bc-4d2d-a47a-6424535a0219,AAPL,rush_trader_5473,rush_trader_8843,101.16,15.00,2025-01-19T18:11:49.508898
9fe69fa7-9f09-4fc8-a6da-dd19d835a131,AAPL,rush_trader_2301,rush_trader_1489,101.05,48.00,2025-01-19T18:11:49.510354
66578f45-9fcf-4b0d-9aff-cebcaab3b46c,AAPL,rush_trader_1744,rush_trader_7804,101.16,12.00,2025-01-19T18:11:49.507822
b3d6164e-bfc8-4d46-9af1-e24b08717984,AAPL,rush_trader_7514,rush_trader_7804,101.16,28.00,2025-01-19T18:11:49.508775
2d8892f5-d4e3-4b2d-8eb3-8075f5139528,AAPL,rush_trader_2405,rush_trader_4313,100.87,37.00,2025-01-19T18:11:49.508495
769caba7-0c53-42d4-9ea2-85ebffd77d92,AAPL,rush_trader_3016,rush_trader_223,101.18,8.00,2025-01-19T18:11:49.509462
7b5c1561-23cd-4789-9774-1c839028a626,AAPL,rush_trader_4870,rush_trader_9456,100.84,9.00,2025-01-19T18:11:49.510762
cf4250f7-7f82-49b5-8b4f-b13fc5e64936,AAPL,rush_trader_1822,rush_trader_9456,100.86,54.00,2025-01-19T18:11:49.510609
92745f05-2c53-4c7d-b3f8-007008258691,AAPL,rush_trader_5355,rush_trader_7396,101.20,15.00,2025-01-19T18:11:49.509778
d22ec916-0994-4795-b2bf-ab876f2a06e1,AAPL,rush_trader_1822,rush_trader_5778,100.86,42.00,2025-01-19T18:11:49.510515
8e7e4992-c1eb-4bbc-a3fb-0bb9471259ea,AAPL,rush_trader_5370,rush_trader_7629,101.17,60.00,2025-01-19T18:11:49.509024
09596249-3c68-4410-ad1a-3881ab8aa8e7,AAPL,rush_trader_2287,rush_trader_9189,100.98,63.00,2025-01-19T18:11:49.511024
c5573880-06dd-4520-a3ed-6344daafe1f5,AAPL,rush_trader_7601,rush_trader_204,101.20,27.00,2025-01-19T18:11:49.509914
11db5f09-574f-4208-a333-2ac792f96d0e,AAPL,rush_trader_5754,rush_trader_6967,101.21,53.00,2025-01-19T18:11:49.510898
ab1797aa-f71a-4e85-9afb-c0b5ae1d9499,AAPL,rush_trader_3016,rush_trader_1172,101.19,27.00,2025-01-19T18:11:49.509475
6f0a1928-b95f-4010-8c89-0f004621d61f,AAPL,rush_trader_8751,rush_trader_3957,101.19,38.00,2025-01-19T18:11:49.509692
1a1195f7-cd91-42e7-96cc-dfd8b51cea46,AAPL,rush_trader_7514,rush_trader_2494,101.16,34.00,2025-01-19T18:11:49.508785
55b7de45-0639-4e4e-adc8-b5e1147dbecb,AAPL,rush_trader_5370,rush_trader_2393,101.18,17.00,2025-01-19T18:11:49.509034
8d8b3f95-3b67-4c63-b4c6-4e5ed7280c5c,AAPL,rush_trader_6740,rush_trader_2639,101.18,25.00,2025-01-19T18:11:49.509379
302a6217-ef53-47f1-8aed-b48a87df72cf,AAPL,rush_trader_1970,rush_trader_6967,101.21,9.00,2025-01-19T18:11:49.510050
099864eb-52fe-4e1e-8434-3723967392ff,AAPL,rush_trader_3016,rush_trader_3957,101.19,43.00,2025-01-19T18:11:49.509487
04cc5672-194b-4108-bf95-7e37911157f1,AAPL,rush_trader_5355,rush_trader_2396,101.20,6.00,2025-01-19T18:11:49.509789
42c3212d-2658-4122-9d52-caf6a4dea9f8,AAPL,rush_trader_8751,rush_trader_7396,101.20,44.00,2025-01-19T18:11:49.509703
03591f62-2778-40d7-a1f3-99703773a1e1,AAPL,rush_trader_4870,rush_trader_1489,101.05,34.00,2025-01-19T18:11:49.510773
77327d9c-4d9c-433a-b9ab-656b7de134e8,AAPL,rush_trader_6740,rush_trader_223,101.18,33.00,2025-01-19T18:11:49.509388
cd40a56e-095d-4f9a-8291-853679ea4a21,AAPL,rush_trader_7514,rush_trader_8843,101.16,1.00,2025-01-19T18:11:49.508796
6570ebe5-dd80-42ae-a6b2-97f6be1d1c06,AAPL,rush_trader_4870,rush_trader_6967,101.21,11.00,2025-01-19T18:11:49.510784
a8d7b66f-b2c1-423b-b38d-15b906945f8b,AAPL,rush_trader_9076,rush_trader_9436,101.00,23.00,2025-01-19T18:11:49.616376
76f3a154-633c-4d17-9414-43867896adee,AAPL,rush_trader_2287,rush_trader_1731,101.17,12.00,2025-01-19T18:11:49.615231
a18194d9-8105-47b8-acc5-44fa43540f5a,AAPL,rush_trader_8076,rush_trader_5313,100.96,18.00,2025-01-19T18:11:49.615595
4ff89aac-38bb-4a86-89d5-9f8545a4d2d3,AAPL,rush_trader_1412,rush_trader_4891,101.10,14.00,2025-01-19T18:11:49.618332
6e7784fd-64b6-492c-90d4-64dde1e89e9a,AAPL,rush_trader_8076,rush_trader_1731,100.96,31.00,2025-01-19T18:11:49.615263
898d1afe-f25f-4784-98b5-294c1e8c6ab3,AAPL,rush_trader_9076,rush_trader_813,101.10,11.00,2025-01-19T18:11:49.616434
ae8d513c-07d2-471e-970a-f13e345dd5b5,AAPL,rush_trader_8076,rush_trader_8460,100.96,19.00,2025-01-19T18:11:49.615996
c12e1e74-cae5-4b56-a1c3-57159009036e,AAPL,rush_trader_1719,rush_trader_5398,101.21,21.00,2025-01-19T18:11:49.619039
32d4585a-d4eb-44f7-9e56-c744793e1405,AAPL,rush_trader_466,rush_trader_3721,101.10,13.00,2025-01-19T18:11:49.619404
fb2af94c-d473-4a09-aaa7-6ff9c86c98bf,AAPL,rush_trader_1533,rush_trader_813,101.10,80.00,2025-01-19T18:11:49.617087
4818a623-1a60-44b6-b860-ce0050011202,AAPL,rush_trader_4577,rush_trader_4696,100.81,4.00,2025-01-19T18:11:49.619635
d1c2bddc-27c3-403f-afcd-e1b2195640f1,AAPL,rush_trader_6397,rush_trader_5820,100.82,19.00,2025-01-19T18:11:49.619518
d2e89c74-ca99-4688-8aed-1c0c776c65a9,AAPL,rush_trader_379,rush_trader_4172,100.78,29.00,2025-01-19T18:11:49.619996
61c9f53d-f00a-468b-94d4-3680bab4b40a,AAPL,rush_trader_466,rush_trader_4760,101.10,16.00,2025-01-19T18:11:49.619249
3db09366-ad79-492d-9a3d-034b81143a57,AAPL,rush_trader_9876,rush_trader_4696,100.79,45.00,2025-01-19T18:11:49.619646
b8b44be4-29ff-49f2-863f-f82fc9074a75,AAPL,rush_trader_8076,rush_trader_6168,100.96,30.00,2025-01-19T18:11:49.617580
e9018cff-e565-4210-b722-80dd47bdf129,AAPL,rush_trader_4245,rush_trader_3721,100.87,44.00,2025-01-19T18:11:49.620547
dec8c556-98e1-4571-ac75-00d3eecf0c18,AAPL,rush_trader_8743,rush_trader_740,101.02,36.00,2025-01-19T18:11:49.620764
c5eb43cd-df69-4db0-bfbd-49e23f9cf863,AAPL,rush_trader_4577,rush_trader_5820,100.81,79.00,2025-01-19T18:11:49.619527
2661cfcd-961e-4563-88fa-be6c59e7984d,AAPL,rush_trader_2272,rush_trader_6168,100.94,22.00,2025-01-19T18:11:49.617886
ca7110f0-5fed-402e-9c0f-e817f3703762,AAPL,rush_trader_1533,rush_trader_6967,101.21,18.00,2025-01-19T18:11:49.617117
022bacf4-0638-4e40-819a-0719fa60803e,AAPL,rush_trader_9876,rush_trader_9374,100.79,20.00,2025-01-19T18:11:49.619735
dd3b906e-f498-4e1a-9bab-41dfcadc68b3,AAPL,rush_trader_1838,rush_trader_6060,101.01,55.00,2025-01-19T18:11:49.621792
3fd09252-bf3d-4764-a6ab-dd79a210065f,AAPL,rush_trader_4245,rush_trader_8060,100.97,14.00,2025-01-19T18:11:49.620560
0424d578-21b3-4037-aa22-9935064cd2d3,AAPL,rush_trader_6559,rush_trader_2255,101.12,17.00,2025-01-19T18:11:49.621151
0c5f5440-c585-4076-81fa-bcdad93a102a,AAPL,rush_trader_1412,rush_trader_5531,101.21,24.00,2025-01-19T18:11:49.618366
445921c3-6b44-4a32-bfd4-a4e73216ffd3,AAPL,rush_trader_7232,rush_trader_6060,101.01,34.00,2025-01-19T18:11:49.621661
dd34ad49-69d3-40da-ac16-080eb2c80eb5,AAPL,rush_trader_2272,rush_trader_3721,101.07,38.00,2025-01-19T18:11:49.619416
47c40c07-96a2-4bb4-aea8-2e8d5a9bf6da,AAPL,rush_trader_379,rush_trader_110,100.78,10.00,2025-01-19T18:11:49.620230
5717e467-e12b-4b40-90bd-1442ee428d37,AAPL,rush_trader_2143,rush_trader_4402,100.69,40.00,2025-01-19T18:11:49.620372
f8588f50-e59a-4fba-90d1-c206f5cf5e80,AAPL,rush_trader_1823,rush_trader_7799,101.02,25.00,2025-01-19T18:11:49.621528
9a03c34f-0987-4854-9343-60ce5407d380,AAPL,rush_trader_8743,rush_trader_2255,101.12,25.00,2025-01-19T18:11:49.620775
4301a438-4a80-4c97-a355-5e3a38ce3773,AAPL,rush_trader_50,rush_trader_7799,100.98,3.00,2025-01-19T18:11:49.621539
0769bc60-38c0-4d8f-8b54-e9707908b91b,AAPL,rush_trader_1533,rush_trader_5531,101.21,2.00,2025-01-19T18:11:49.617146
3287e61b-69dd-4cde-9564-5a7f92a147ab,AAPL,rush_trader_4245,rush_trader_7533,100.99,25.00,2025-01-19T18:11:49.620571
1162c962-3ee0-4f5e-95de-547c6dec87e4,AAPL,rush_trader_1412,rush_trader_5398,101.21,49.00,2025-01-19T18:11:49.618396
381071fb-b599-483e-8198-22b3545ed4e3,AAPL,rush_trader_4245,rush_trader_740,101.02,10.00,2025-01-19T18:11:49.620583
80920347-0cfc-4d14-9ef7-3b3f998bf199,AAPL,rush_trader_1838,rush_trader_5398,101.21,12.00,2025-01-19T18:11:49.621804
6de74da6-dd52-4ab7-96a9-f5f01aeb5db7,AAPL,rush_trader_8399,rush_trader_110,100.69,17.00,2025-01-19T18:11:49.620242
b9cc5d6f-5745-4242-9a67-a6556cc14405,AAPL,rush_trader_379,rush_trader_9374,100.78,59.00,2025-01-19T18:11:49.619745
873876d2-a466-47c0-a672-b03bd6d3aa73,AAPL,rush_trader_2143,rush_trader_110,100.69,5.00,2025-01-19T18:11:49.620252
a0d9f9dd-3b36-4fb6-8516-5d2a996e5cf0,AAPL,rush_trader_439,rush_trader_4402,100.68,57.00,2025-01-19T18:11:49.620386
a6f863dc-fc80-4f7d-9bc9-ee5e2eda773a,AAPL,rush_trader_2444,rush_trader_8803,101.08,44.00,2025-01-19T18:11:49.723912
27b2cafa-464a-4d11-b9ff-f00c23878a88,AAPL,rush_trader_50,rush_trader_7146,100.98,28.00,2025-01-19T18:11:49.724032
64ec7e27-fc3d-4a02-b8a1-685a7c00daa6,AAPL,rush_trader_2444,rush_trader_5398,101.21,17.00,2025-01-19T18:11:49.723926
2a96a4a1-7f03-42dc-b9f0-8f37ce267a4c,AAPL,rush_trader_6866,rush_trader_3904,100.95,43.00,2025-01-19T18:11:49.724356
4a4c8bcd-370b-440f-acb2-edb2cc31f55b,AAPL,rush_trader_6947,rush_trader_6130,101.04,14.00,2025-01-19T18:11:49.725387
17d84280-14da-47b8-a59a-60795cbce9f5,AAPL,rush_trader_9855,rush_trader_1323,101.18,21.00,2025-01-19T18:11:49.724752
1ac1d415-182c-40f6-84a1-c64279cbb5bb,AAPL,rush_trader_9862,rush_trader_1323,101.18,3.00,2025-01-19T18:11:49.724925
be467f9c-0158-4ad9-b665-ded4fa5ce4ff,AAPL,rush_trader_9145,rush_trader_1323,101.18,42.00,2025-01-19T18:11:49.724660
1365bdd4-de5f-4944-ab8b-b2e4aa86f1f2,AAPL,rush_trader_9862,rush_trader_4522,101.22,49.00,2025-01-19T18:11:49.724936
17f68408-5589-49f3-a003-dd0ae2b737cd,AAPL,rush_trader_1089,rush_trader_1290,101.22,35.00,2025-01-19T18:11:49.725617
725988e7-6ad0-44c2-b137-f5e8ac1346cf,AAPL,rush_trader_2444,rush_trader_9527,100.98,47.00,2025-01-19T18:11:49.725877
88443f76-ec78-46c3-ab02-dabc500818e3,AAPL,rush_trader_6866,rush_trader_1323,101.18,6.00,2025-01-19T18:11:49.724366
05155b58-7892-4646-ae6f-1625ad70f870,AAPL,rush_trader_9862,rush_trader_1290,101.22,13.00,2025-01-19T18:11:49.724947
e1442ed2-f8b7-42b3-97f7-c6ed37ce3338,AAPL,rush_trader_8489,rush_trader_4428,100.84,3.00,2025-01-19T18:11:49.727034
e32f12fd-bfba-431b-9baa-dce39e3dd64e,AAPL,rush_trader_5888,rush_trader_3914,100.86,49.00,2025-01-19T18:11:49.726464
4d62bd6f-0154-47ba-8a27-4a967c62c761,AAPL,rush_trader_6564,rush_trader_9574,100.95,57.00,2025-01-19T18:11:49.726071
ab4bd651-1b03-402c-a2f9-7686ff5b2d98,AAPL,rush_trader_50,rush_trader_3904,100.98,15.00,2025-01-19T18:11:49.724170
f15760a1-a387-443a-ae40-c92eb6c846c1,AAPL,rush_trader_4435,rush_trader_9527,100.96,30.00,2025-01-19T18:11:49.726305
9eada549-a4e5-452c-8d49-14d2db2fcd0c,AAPL,rush_trader_6947,rush_trader_1290,101.22,11.00,2025-01-19T18:11:49.725398
13495332-c932-47c4-88d9-286b37097682,AAPL,rush_trader_6655,rush_trader_6130,101.06,71.00,2025-01-19T18:11:49.725030
0e8aca4d-6290-4b5a-b1ab-9d3b2bcbcd55,AAPL,rush_trader_2705,rush_trader_1858,100.85,10.00,2025-01-19T18:11:49.727169
cb50eec1-1f71-4d2d-b833-9e4fd5fb6147,AAPL,rush_trader_5888,rush_trader_9574,100.86,5.00,2025-01-19T18:11:49.726082
77e55061-f0b7-404a-ad4f-6c95b3cf69cd,AAPL,rush_trader_8825,rush_trader_1858,100.85,28.00,2025-01-19T18:11:49.727633
815c44ae-eae0-438d-8e52-ff8e47395d0e,AAPL,rush_trader_2267,rush_trader_3914,100.84,18.00,2025-01-19T18:11:49.726475
09d9d0c6-426b-4453-a3f8-ad428c337253,AAPL,rush_trader_8802,rush_trader_4428,100.82,33.00,2025-01-19T18:11:49.727045
b3f09e91-ffe8-4074-bbfe-cef8b95959cf,AAPL,rush_trader_3029,rush_trader_8216,100.78,48.00,2025-01-19T18:11:49.727393
e243aa68-60e8-4e9f-9ef1-e71697d10b58,AAPL,rush_trader_8489,rush_trader_1781,100.84,74.00,2025-01-19T18:11:49.726842
79cc163e-82a4-434c-952f-815e0f567d82,AAPL,rush_trader_1089,rush_trader_3136,101.23,20.00,2025-01-19T18:11:49.725628
2f3e662a-292e-448b-859d-e1a3d7d17c48,AAPL,rush_trader_3067,rush_trader_7958,100.79,8.00,2025-01-19T18:11:49.727227
05f78e19-7a0c-4aaa-acdd-6c78a4b20248,AAPL,rush_trader_2444,rush_trader_4522,101.22,19.00,2025-01-19T18:11:49.723943
9dbd98b4-1400-43e6-baba-d69d0cbdeaa2,AAPL,rush_trader_4435,rush_trader_8614,101.07,40.00,2025-01-19T18:11:49.726317
e9205789-d8a8-4cf7-a6cc-6947932b2bd3,AAPL,rush_trader_1097,rush_trader_1858,100.85,13.00,2025-01-19T18:11:49.727762
e13fcc01-d24e-4196-b6b3-e5a0e5206653,AAPL,rush_trader_5122,rush_trader_8614,101.07,16.00,2025-01-19T18:11:49.727925
058843b9-5b39-4c01-bb51-5e2bec334458,AAPL,rush_trader_8489,rush_trader_3914,100.84,17.00,2025-01-19T18:11:49.726485
eaee8e18-68bf-4181-b9f2-d33310bd1807,AAPL,rush_trader_1097,rush_trader_8614,101.07,35.00,2025-01-19T18:11:49.727773
703e0c33-5314-4bea-a297-fe758e1f199d,AAPL,rush_trader_3029,rush_trader_7958,100.78,9.00,2025-01-19T18:11:49.727238
0a1ff9e2-6e91-4059-9292-a7c7a00a9b2b,AAPL,rush_trader_3067,rush_trader_4428,100.79,40.00,2025-01-19T18:11:49.727055
0af374bc-63f2-45d1-a674-c55bbe5cb640,AAPL,rush_trader_5122,rush_trader_3083,101.11,25.00,2025-01-19T18:11:49.727934
7e081f03-5391-47b2-842f-25a15dd76ae0,AAPL,rush_trader_6709,rush_trader_6107,100.88,36.00,2025-01-19T18:11:49.835423
9c96e207-53e1-4d40-a2bd-380a74d92813,AAPL,rush_trader_307,rush_trader_1004,101.03,60.00,2025-01-19T18:11:49.835283
b9eee5aa-7f94-4266-8915-9c2a2156f9f2,AAPL,rush_trader_1353,rush_trader_1958,100.78,27.00,2025-01-19T18:11:49.835630
96777b13-dfdf-422e-8b9d-d644cdf43456,AAPL,rush_trader_2544,rush_trader_1004,100.91,28.00,2025-01-19T18:11:49.835806
8e44cdc2-4c5f-4e15-b77b-18a95340a0ae,AAPL,rush_trader_307,rush_trader_1144,100.94,36.00,2025-01-19T18:11:49.835148
10c61415-f402-4723-b05f-b708f8c8429d,AAPL,rush_trader_1466,rush_trader_3209,101.11,40.00,2025-01-19T18:11:49.837144
cac04639-5a35-44bf-a89c-78cadc4f4835,AAPL,rush_trader_3594,rush_trader_3188,101.10,1.00,2025-01-19T18:11:49.836740
205802a2-d8c0-4284-8713-40ef9be2cae0,AAPL,rush_trader_9038,rush_trader_5762,101.15,19.00,2025-01-19T18:11:49.836292
5b0ca72b-bba6-4354-9634-759d287a13ea,AAPL,rush_trader_4616,rush_trader_3083,101.11,17.00,2025-01-19T18:11:49.834712
a292904c-d9ef-4968-86ec-943ae9088955,AAPL,rush_trader_4178,rush_trader_3472,100.92,2.00,2025-01-19T18:11:49.837611
db7ee67a-4018-47a9-a1a2-0b6f51509546,AAPL,rush_trader_2544,rush_trader_3188,101.11,70.00,2025-01-19T18:11:49.836616
35068218-51de-4c2d-a0ec-c1c5056c4f9f,AAPL,rush_trader_4616,rush_trader_5762,101.15,34.00,2025-01-19T18:11:49.834737
abc25d50-05fb-480d-bd97-8863f26b4cbf,AAPL,rush_trader_1751,rush_trader_873,100.98,33.00,2025-01-19T18:11:49.839194
481b9897-6639-4116-bb47-419f9d4fbb05,AAPL,rush_trader_6135,rush_trader_7359,100.88,35.00,2025-01-19T18:11:49.838724
05178241-d126-42c2-9256-bdcb56be0ef4,AAPL,rush_trader_2216,rush_trader_1145,101.23,70.00,2025-01-19T18:11:49.837808
9e96da8a-06db-4236-b6ee-868485ba8e04,AAPL,rush_trader_3029,rush_trader_6107,100.78,34.00,2025-01-19T18:11:49.835443
d91d152f-7c4c-4c56-b4f7-77aaa98e98b5,AAPL,rush_trader_9103,rush_trader_1571,101.24,51.00,2025-01-19T18:11:49.838012
70e96c57-590d-4653-9b60-71f8df423f38,AAPL,rush_trader_6488,rush_trader_4304,101.03,36.00,2025-01-19T18:11:49.840901
72282f41-187b-4090-bb1e-07bbe3951966,AAPL,rush_trader_8150,rush_trader_873,100.98,16.00,2025-01-19T18:11:49.839608
c18be696-0d5c-4c9d-abc6-024ee28c9e53,AAPL,rush_trader_572,rush_trader_1800,101.11,21.00,2025-01-19T18:11:49.840029
3084b6e1-44a5-406e-aa43-22af04ea5e14,AAPL,rush_trader_9038,rush_trader_3136,101.23,35.00,2025-01-19T18:11:49.836310
4dca408e-3112-40de-a68e-8f703f04d3c8,AAPL,rush_trader_4980,rush_trader_1958,100.76,5.00,2025-01-19T18:11:49.835650
85ddfb16-f09b-4d46-8395-fbaf78324584,AAPL,rush_trader_7345,rush_trader_1800,101.11,13.00,2025-01-19T18:11:49.841317
145560b6-32c9-47db-8e3f-93a35fe7dbaf,AAPL,rush_trader_8149,rush_trader_3472,100.92,66.00,2025-01-19T18:11:49.837351
37503aac-f014-4777-ab00-2d41c887af1f,AAPL,rush_trader_4178,rush_trader_3209,101.11,47.00,2025-01-19T18:11:49.837629
95c2eaba-7732-4934-a62a-846cde234037,AAPL,rush_trader_3594,rush_trader_8359,101.23,50.00,2025-01-19T18:11:49.836759
0f0a27a1-7ed3-4089-8e53-9f160083621f,AAPL,rush_trader_7077,rush_trader_1800,101.11,27.00,2025-01-19T18:11:49.840323
15d84171-53eb-454a-9621-c500d654297d,AAPL,rush_trader_6135,rush_trader_6036,100.88,29.00,2025-01-19T18:11:49.838477
19a78569-53c1-44a3-835c-a8eb1d3b1cbc,AAPL,rush_trader_4178,rush_trader_8359,101.23,33.00,2025-01-19T18:11:49.837646
ec689e3b-e5da-4567-a582-39c63318e8d5,AAPL,rush_trader_8150,rush_trader_2055,101.06,31.00,2025-01-19T18:11:49.839628
afb03302-3156-4a45-9678-d9819bc01356,AAPL,rush_trader_2216,rush_trader_8816,101.24,21.00,2025-01-19T18:11:49.837826
f1f796bb-b264-4d70-8767-1b9d7b4d16b5,AAPL,rush_trader_9038,rush_trader_8079,101.23,32.00,2025-01-19T18:11:49.836328
c647653d-6768-4f89-9311-011f297299a1,AAPL,rush_trader_4178,rush_trader_1145,101.23,13.00,2025-01-19T18:11:49.837663
4d4d6181-c1bc-4db1-8556-829f2092db9c,AAPL,rush_trader_7345,rush_trader_5902,101.16,21.00,2025-01-19T18:11:49.841338
c9c1b64b-607e-4f28-b9a2-9489dc505243,AAPL,rush_trader_6488,rush_trader_2095,101.03,26.00,2025-01-19T18:11:49.840662
944d5598-4d27-4c1b-9f99-f53e91b2f55e,AAPL,rush_trader_2216,rush_trader_1571,101.24,8.00,2025-01-19T18:11:49.837843
41f9ed51-9bf1-4430-ba37-0510b38f47c5,AAPL,rush_trader_9038,rush_trader_8359,101.23,5.00,2025-01-19T18:11:49.836345
12380e0b-f485-457a-9d0c-4840690baba7,AAPL,rush_trader_4937,rush_trader_5902,101.16,21.00,2025-01-19T18:11:49.949848
73507f44-23fc-48af-8d57-0e4ae8f75a5e,AAPL,rush_trader_4893,rush_trader_6120,101.24,49.00,2025-01-19T18:11:49.950133
f23b8d66-c6e1-4793-b65c-311ad3c66036,AAPL,rush_trader_2660,rush_trader_7313,101.25,77.00,2025-01-19T18:11:49.951154
07623c1c-0b2a-4400-a155-18343840a1f3,AAPL,rush_trader_7805,rush_trader_4800,101.02,36.00,2025-01-19T18:11:49.951590
261d0c11-4e09-49cb-90a9-2b2a9a00a48b,AAPL,rush_trader_6488,rush_trader_2145,101.03,12.00,2025-01-19T18:11:49.950447
4ca3dc49-481f-47bb-80eb-eef37849eb9a,AAPL,rush_trader_712,rush_trader_7926,101.06,46.00,2025-01-19T18:11:49.950913
ecbb31eb-0256-4e20-94ac-eb8498640758,AAPL,rush_trader_2660,rush_trader_1888,101.25,10.00,2025-01-19T18:11:49.951182
a542c2b3-4124-45f9-accd-810e16364dfa,AAPL,rush_trader_8905,rush_trader_7498,101.26,13.00,2025-01-19T18:11:49.952047
a271b4c4-c84b-4c9b-ae03-d011e08d0563,AAPL,rush_trader_4937,rush_trader_1571,101.24,21.00,2025-01-19T18:11:49.949892
50c7d7b5-0b1b-43ff-a5a5-855874f286d6,AAPL,rush_trader_7805,rush_trader_2145,101.02,17.00,2025-01-19T18:11:49.950477
83856e7c-ef0b-43db-a134-97511bb59377,AAPL,rush_trader_3334,rush_trader_7498,101.26,2.00,2025-01-19T18:11:49.952358
2c62edd2-69c7-4a2e-a3b5-aa911d4ee7e9,AAPL,rush_trader_6532,rush_trader_4800,101.01,7.00,2025-01-19T18:11:49.951617
583e3c7e-a61e-4c6b-9009-d8fd833b8002,AAPL,rush_trader_635,rush_trader_2622,101.26,5.00,2025-01-19T18:11:49.952588
f33c894d-ccaa-46d3-8eac-59cdac7df373,AAPL,rush_trader_6124,rush_trader_664,101.26,9.00,2025-01-19T18:11:49.953083
da7e40e6-7750-43f5-9263-f930e3b94446,AAPL,rush_trader_5364,rush_trader_8800,101.27,54.00,2025-01-19T18:11:49.953800
2bdfcda0-0eab-4afd-9488-5d1c5b535a2f,AAPL,rush_trader_256,rush_trader_6342,101.28,29.00,2025-01-19T18:11:49.955696
0ee21598-ffe8-4619-9843-ac78761ce9e4,AAPL,rush_trader_2660,rush_trader_7498,101.26,11.00,2025-01-19T18:11:49.951207
11ab0aa8-d256-4b5d-94d3-47da350cc504,AAPL,rush_trader_4107,rush_trader_7766,101.18,64.00,2025-01-19T18:11:49.954938
350c26c6-c943-49f9-bdbb-72173eee05a7,AAPL,rush_trader_1801,rush_trader_9404,101.18,14.00,2025-01-19T18:11:49.956056
a65e354f-c5c9-4695-93a8-bd462143bf3b,AAPL,rush_trader_712,rush_trader_6120,101.24,36.00,2025-01-19T18:11:49.950943
ed638133-b30f-41f7-a0db-343c075e1fa1,AAPL,rush_trader_4580,rush_trader_6342,101.28,35.00,2025-01-19T18:11:49.955514
ecab7560-42d9-41d1-a583-f16967748e22,AAPL,rush_trader_635,rush_trader_664,101.26,86.00,2025-01-19T18:11:49.952614
2a5d6d2f-316b-4c2b-860a-adfa5243aa71,AAPL,rush_trader_7952,rush_trader_9404,101.08,6.00,2025-01-19T18:11:49.956270
aa4c69a3-89cf-45e2-a080-6daf5ce9d4fc,AAPL,rush_trader_4937,rush_trader_8039,101.24,43.00,2025-01-19T18:11:49.949922
46d90e3c-99d0-45d1-ab3a-736ca1476c07,AAPL,rush_trader_6124,rush_trader_6976,101.26,32.00,2025-01-19T18:11:49.953109
80628984-a99b-4d89-b051-f099517ac42b,AAPL,rush_trader_5251,rush_trader_9275,101.28,37.00,2025-01-19T18:11:49.959364
df0a986f-c206-4da0-aaa2-db64df12a4b8,AAPL,rush_trader_4107,rush_trader_8800,101.27,17.00,2025-01-19T18:11:49.954961
6f1ea549-9e6b-43cc-8215-d2c19ab32b9c,AAPL,rush_trader_7190,rush_trader_7766,101.18,31.00,2025-01-19T18:11:49.954604
4997ab1f-2ae4-477f-9216-e6f63b4af5c6,AAPL,rush_trader_1652,rush_trader_9625,101.08,10.00,2025-01-19T18:11:49.957244
23171a72-f318-46f0-996d-6eabb0eaaa5a,AAPL,rush_trader_3334,rush_trader_2622,101.26,30.00,2025-01-19T18:11:49.952384
0040fa42-1888-4bf6-9aeb-70ff87fa42be,AAPL,rush_trader_712,rush_trader_6726,101.24,12.00,2025-01-19T18:11:49.950969
6e88167d-2033-43eb-bebd-1b7dbbff8587,AAPL,rush_trader_7936,rush_trader_8090,100.93,22.00,2025-01-19T18:11:49.958430
e07d42d4-17e8-4c69-b4ef-025f52818abc,AAPL,rush_trader_3389,rush_trader_1684,101.27,63.00,2025-01-19T18:11:49.953449
ddabf93a-8f80-4c1d-ae44-da80314cd25c,AAPL,rush_trader_823,rush_trader_6729,100.98,11.00,2025-01-19T18:11:49.958870
e8d04953-9bb6-49b0-aee8-442c58d806f7,AAPL,rush_trader_6124,rush_trader_6741,101.27,14.00,2025-01-19T18:11:49.953134
2318398b-2e68-4aee-a339-f069ddc79eb7,AAPL,rush_trader_6547,rush_trader_4157,100.97,39.00,2025-01-19T18:11:49.958208
28657005-b53c-41b4-84f2-b26fb13ae292,AAPL,rush_trader_2517,rush_trader_2512,101.27,3.00,2025-01-19T18:11:49.955170
197c40de-4a1d-4867-a113-4b7a6238c817,AAPL,rush_trader_7891,rush_trader_6729,101.01,21.00,2025-01-19T18:11:49.957869
1a735419-75c2-49e9-87a7-aeb3393b8dc0,AAPL,rush_trader_1056,rush_trader_8815,101.28,16.00,2025-01-19T18:11:49.960188
9a65d5af-e1dc-4631-8a63-07e92ee0fc87,AAPL,rush_trader_6532,rush_trader_5499,101.01,32.00,2025-01-19T18:11:49.956577
7889b2be-f081-4d54-955c-2b63fb2ceaa5,AAPL,rush_trader_7952,rush_trader_3231,101.18,86.00,2025-01-19T18:11:49.956300
8ddcea70-613b-406c-8f92-7bc8d461e3fd,AAPL,rush_trader_1056,rush_trader_9625,101.08,6.00,2025-01-19T18:11:49.959087
e5ec713f-cbc7-4ef9-939b-d573b4769721,AAPL,rush_trader_7420,rush_trader_3952,101.05,12.00,2025-01-19T18:11:49.961169
762a6ac2-6a5e-4b3c-ad2b-edffbfb2e690,AAPL,rush_trader_1056,rush_trader_6863,101.28,47.00,2025-01-19T18:11:49.959698
00b5ec7f-5808-4428-9d14-5f57562459e4,AAPL,rush_trader_9844,rush_trader_8815,100.91,3.00,2025-01-19T18:11:49.960520
a6f46200-2449-4cd9-b078-b0633dc54789,AAPL,rush_trader_4937,rush_trader_6120,101.24,7.00,2025-01-19T18:11:49.949951
d532903f-881d-4821-b381-eaf81624fe01,AAPL,rush_trader_4107,rush_trader_2512,101.27,16.00,2025-01-19T18:11:49.954982
0aff41a4-f7de-49f0-9365-7711a56e5709,AAPL,rush_trader_7936,rush_trader_4157,100.93,24.00,2025-01-19T18:11:49.958236
11fabe22-bcaa-4882-b4ce-a996450f0fa1,AAPL,rush_trader_9844,rush_trader_4667,101.19,19.00,2025-01-19T18:11:49.960854
e4d4a594-7279-47ff-b1dd-2437eda2b937,AAPL,rush_trader_9465,rush_trader_4205,100.87,24.00,2025-01-19T18:11:49.961774
519fbd96-ad8d-48d5-9451-c20a434ca012,AAPL,rush_trader_712,rush_trader_7313,101.25,6.00,2025-01-19T18:11:49.950993
aea3a70d-bdd8-4eac-adbc-8ee8b03f3f08,AAPL,rush_trader_6124,rush_trader_1684,101.27,8.00,2025-01-19T18:11:49.953158
278ede88-0f91-423b-b869-8c029f78986c,AAPL,rush_trader_2517,rush_trader_4481,101.27,55.00,2025-01-19T18:11:49.955195
601246f9-78c9-4551-b4a8-e9b7d033720b,AAPL,rush_trader_9465,rush_trader_8090,100.87,16.00,2025-01-19T18:11:49.958462
6faedac3-719a-4684-86a9-b4b5abaade3c,AAPL,rush_trader_3389,rush_trader_8800,101.27,12.00,2025-01-19T18:11:49.953475
65726fe9-368f-4abd-8176-3babd76fc245,AAPL,rush_trader_256,rush_trader_9275,101.28,42.00,2025-01-19T18:11:49.955719
266435ed-7257-420b-b1da-12ebce8513c1,AAPL,rush_trader_6547,rush_trader_5499,100.97,53.00,2025-01-19T18:11:49.956605
cb6ed404-1a4e-456a-8f9f-01772e25b471,AAPL,rush_trader_823,rush_trader_8815,101.06,80.00,2025-01-19T18:11:49.960213
8ff7baec-9878-4823-ab8c-5911a429a750,AAPL,rush_trader_1056,rush_trader_3231,101.18,8.00,2025-01-19T18:11:49.959114
5a99db33-d541-45aa-bd80-8ea899593bb3,AAPL,rush_trader_2517,rush_trader_6342,101.28,13.00,2025-01-19T18:11:49.955218
d4389243-55fc-4b6b-9249-fc494f8ba83b,AAPL,rush_trader_951,rush_trader_3952,100.94,8.00,2025-01-19T18:11:50.072401
ec6111c6-e7ad-4fc0-89e9-46981114b632,AAPL,rush_trader_6323,rush_trader_438,101.07,7.00,2025-01-19T18:11:50.072858
87d89d56-9b48-4c21-bce5-35fb14c76b5c,AAPL,rush_trader_6529,rush_trader_4667,101.14,14.00,2025-01-19T18:11:50.073343
081cc10c-e0da-422a-bdd4-028552a3eb30,AAPL,rush_trader_6185,rush_trader_8069,101.18,80.00,2025-01-19T18:11:50.074607
ff5b31be-8cbc-45e8-94f0-af95bac8b842,AAPL,rush_trader_9465,rush_trader_2448,100.87,31.00,2025-01-19T18:11:50.071692
6c64bddd-fed4-4d2a-b2ca-3e8340321762,AAPL,rush_trader_8146,rush_trader_8069,101.18,10.00,2025-01-19T18:11:50.074849
6b7ca6c8-b3cf-4fee-bcd0-dd443897cdf4,AAPL,rush_trader_2245,rush_trader_980,100.90,86.00,2025-01-19T18:11:50.073088
6c1915e5-e3f2-449e-a2cc-8ebd74de562d,AAPL,rush_trader_6323,rush_trader_4667,101.14,26.00,2025-01-19T18:11:50.072888
c68256f9-1fb2-44c2-a87f-b280e747560e,AAPL,rush_trader_951,rush_trader_438,101.07,37.00,2025-01-19T18:11:50.072435
964f4122-ecc9-41db-9e30-78a75451f127,AAPL,rush_trader_467,rush_trader_30,101.30,19.00,2025-01-19T18:11:50.079248
73869ecb-69b6-4127-880c-ef2575459c94,AAPL,rush_trader_7905,rush_trader_1923,101.12,45.00,2025-01-19T18:11:50.075769
5e3c29d2-9bf7-4da6-aa4e-d4ddc3370178,AAPL,rush_trader_9550,rush_trader_4070,101.28,48.00,2025-01-19T18:11:50.076101
bc14c24f-7e8c-4af7-a898-1c6bc331aef3,AAPL,rush_trader_2245,rush_trader_9480,100.90,1.00,2025-01-19T18:11:50.077280
6f45d5e6-21d7-4651-8e0e-92d2d7a3f794,AAPL,rush_trader_9059,rush_trader_8204,101.29,14.00,2025-01-19T18:11:50.078994
ae8c7784-ee9d-4a23-a285-6f3bee802b2b,AAPL,rush_trader_8177,rush_trader_492,101.04,22.00,2025-01-19T18:11:50.077827
b5033c9c-3e73-43f8-8d7e-4804db13e1e1,AAPL,rush_trader_846,rush_trader_830,101.20,58.00,2025-01-19T18:11:50.078096
8dd2a40f-c89d-46ce-bece-70f8ca9423d8,AAPL,rush_trader_150,rush_trader_4070,101.28,16.00,2025-01-19T18:11:50.078666
55e6710e-3b47-4f99-a02a-47932312b284,AAPL,rush_trader_1732,rush_trader_7689,100.84,1.00,2025-01-19T18:11:50.081572
f3a536bd-0745-49ae-b610-ba433c953faf,AAPL,rush_trader_5325,rush_trader_30,101.30,16.00,2025-01-19T18:11:50.079421
83baa2c3-6c16-438d-9cec-8e49206b401a,AAPL,rush_trader_2410,rush_trader_2541,100.84,26.00,2025-01-19T18:11:50.077538
1c592324-95f5-479b-b0f8-2b8676763d4b,AAPL,rush_trader_469,rush_trader_3128,101.05,4.00,2025-01-19T18:11:50.080289
95c97432-4951-475e-bc68-82ba185f872b,AAPL,rush_trader_5088,rush_trader_1923,101.02,38.00,2025-01-19T18:11:50.075797
f6b8dd0e-2169-4122-9918-b82aba14238c,AAPL,rush_trader_469,rush_trader_4275,101.05,42.00,2025-01-19T18:11:50.079920
58ebc9a4-0c8a-4e4f-9e86-6a33d90719e1,AAPL,rush_trader_1000,rush_trader_2448,100.86,36.00,2025-01-19T18:11:50.071745
4f98891e-9d4c-41ab-a298-dea8654fb141,AAPL,rush_trader_2410,rush_trader_2449,100.84,22.00,2025-01-19T18:11:50.081040
4f2a18a5-08d2-4b23-8c47-a2f46043b983,AAPL,rush_trader_5325,rush_trader_3657,101.30,48.00,2025-01-19T18:11:50.079446
51bd004a-120c-4cf3-a3bf-143e3ef95165,AAPL,rush_trader_8092,rush_trader_3128,100.87,43.00,2025-01-19T18:11:50.080590
9ee20dda-2fd8-4b93-b677-f7c0f7b3770a,AAPL,rush_trader_5909,rush_trader_492,101.04,74.00,2025-01-19T18:11:50.076837
f733b9cb-8ced-4e78-85de-3f212f926afb,AAPL,rush_trader_6529,rush_trader_1226,101.17,17.00,2025-01-19T18:11:50.073543
df404572-d8da-4a69-81af-4391b9b84e56,AAPL,rush_trader_5325,rush_trader_1871,101.30,32.00,2025-01-19T18:11:50.079468
a4086ccd-7fe0-47c2-8c87-af5a508cd8b4,AAPL,rush_trader_1732,rush_trader_9091,100.84,47.00,2025-01-19T18:11:50.081316
846a9982-3410-47e1-b7d1-c85ef2feafd8,AAPL,rush_trader_8146,rush_trader_4070,101.28,1.00,2025-01-19T18:11:50.074879
4ffdf46c-dd9c-448a-aee6-31e91304b120,AAPL,rush_trader_1000,rush_trader_9480,100.86,2.00,2025-01-19T18:11:50.077313
5f7e1318-e5ea-405d-be38-009825e5ecce,AAPL,rush_trader_150,rush_trader_8204,101.29,29.00,2025-01-19T18:11:50.078694
435c1dff-3a31-4ddf-9e24-5c8cbe4f5d0b,AAPL,rush_trader_8177,rush_trader_830,101.20,31.00,2025-01-19T18:11:50.077855
3dc5933b-4710-44fb-94d3-a642813a479f,AAPL,rush_trader_2245,rush_trader_1923,100.90,5.00,2025-01-19T18:11:50.075823
03f622a6-c6cb-401f-af96-a0bf9c4e150d,AAPL,rush_trader_1732,rush_trader_2449,100.84,33.00,2025-01-19T18:11:50.081063
7212242e-73de-4816-8550-e7c7ca2348f3,AAPL,rush_trader_9059,rush_trader_5039,101.29,43.00,2025-01-19T18:11:50.079021
53680f5c-136d-4256-93e0-fd5dd63b17cb,AAPL,rush_trader_846,rush_trader_5982,101.24,2.00,2025-01-19T18:11:50.078128
a566f9d6-8b4b-4217-9366-76f527f5fb0a,AAPL,rush_trader_6553,rush_trader_5982,101.24,26.00,2025-01-19T18:11:50.078413
7f167ffe-a15f-4a84-8479-a53748040916,AAPL,rush_trader_4797,rush_trader_7689,100.83,27.00,2025-01-19T18:11:50.081601
57186e4a-81d1-4bb0-944d-c9a6e61a8820,AAPL,rush_trader_8092,rush_trader_1871,101.30,5.00,2025-01-19T18:11:50.080614
8c6b2b16-f57e-4356-bb4b-3e2989902578,AAPL,rush_trader_6529,rush_trader_9275,101.28,2.00,2025-01-19T18:11:50.073582
d2a0e8a2-cd76-48c3-9b83-863c082f4da3,AAPL,rush_trader_2410,rush_trader_9480,100.84,44.00,2025-01-19T18:11:50.077342
41981d47-127d-46be-8dca-e9e731be9351,AAPL,rush_trader_9059,rush_trader_30,101.30,22.00,2025-01-19T18:11:50.079050
9150f3fe-3bbb-4890-8b5c-fcf9ad4aefc1,AAPL,rush_trader_6529,rush_trader_4070,101.28,19.00,2025-01-19T18:11:50.073612
f8583e96-b299-49cf-ac83-8a75be63e65b,AAPL,rush_trader_6120,rush_trader_3792,100.97,13.00,2025-01-19T18:11:50.190212
c39fc397-a170-462d-aa84-5cfc5d449acb,AAPL,rush_trader_4797,rush_trader_3436,100.83,28.00,2025-01-19T18:11:50.191902
6adb29f0-64a7-43d9-800c-a32b512ca584,AAPL,rush_trader_8784,rush_trader_7846,100.84,22.00,2025-01-19T18:11:50.192962
55ffbd24-0ab1-4db2-9444-6815c7cacbf5,AAPL,rush_trader_1076,rush_trader_3792,100.97,53.00,2025-01-19T18:11:50.191319
6a6f6a2a-b83c-48b7-886b-89b84c5e6d34,AAPL,rush_trader_5975,rush_trader_5860,100.98,45.00,2025-01-19T18:11:50.192253
